<?xml version="1.0" encoding="UTF-8"?>
<!DOCTYPE html PUBLIC "-//W3C//DTD XHTML 1.0 Transitional//EN"
    "http://www.w3.org/TR/xhtml1/DTD/xhtml1-transitional.dtd">
<html xmlns="http://www.w3.org/1999/xhtml" xml:lang="en" lang="en">
 <head>
  <title>
</title>
<meta http-equiv="Content-Type" content="text/html;charset=utf-8" />
  <meta name='ocr-system' content='tesseract 3.04.00' />
  <meta name='ocr-capabilities' content='ocr_page ocr_carea ocr_par ocr_line ocrx_word'/>
</head>
<body>
  <div class='ocr_page' id='page_1' title='image "./civlivscaesarsiv00golt_0369.png"; bbox 0 0 2364 3511; ppageno 0'>
   <div class='ocr_carea' id='block_1_1' title="bbox 0 2443 10 3279">
    <p class='ocr_par' dir='ltr' id='par_1_1' title="bbox 0 2443 10 3279">
     <span class='ocr_line' id='line_1_1' title="bbox 0 2443 10 3279; baseline 0 0"><span class='ocrx_word' id='word_1_1' title='bbox 0 2443 10 3279; x_wconf 95' lang='lat' dir='ltr'> </span> 
     </span>
    </p>
   </div>
   <div class='ocr_carea' id='block_1_2' title="bbox 382 347 1453 3074">
    <p class='ocr_par' dir='ltr' id='par_1_2' title="bbox 382 347 1453 3074">
     <span class='ocr_line' id='line_1_2' title="bbox 669 347 1167 386; baseline 0.008 -4"><span class='ocrx_word' id='word_1_2' title='bbox 669 347 1167 386; x_wconf 76' lang='lat' dir='ltr'><strong>HODOEPORICVM.</strong></span> 
     </span>
     <span class='ocr_line' id='line_1_3' title="bbox 389 398 1300 458; baseline 0.004 -20"><span class='ocrx_word' id='word_1_3' title='bbox 389 398 533 439; x_wconf 85' lang='lat' dir='ltr'>Diuersi</span> <span class='ocrx_word' id='word_1_4' title='bbox 539 416 552 439; x_wconf 87' lang='lat' dir='ltr'>s</span> <span class='ocrx_word' id='word_1_5' title='bbox 571 399 690 451; x_wconf 84' lang='lat' dir='ltr'>studijs</span> <span class='ocrx_word' id='word_1_6' title='bbox 703 400 890 441; x_wconf 85' lang='lat' dir='ltr'>hominum</span> <span class='ocrx_word' id='word_1_7' title='bbox 905 418 1005 442; x_wconf 84' lang='lat' dir='ltr'>mens</span> <span class='ocrx_word' id='word_1_8' title='bbox 1020 416 1104 458; x_wconf 89' lang='lat' dir='ltr'>apta</span> <span class='ocrx_word' id='word_1_9' title='bbox 1116 400 1300 457; x_wconf 83' lang='lat' dir='ltr'>sequendis</span> 
     </span>
     <span class='ocr_line' id='line_1_4' title="bbox 446 460 1086 514; baseline 0.005 -18"><span class='ocrx_word' id='word_1_10' title='bbox 446 460 585 496; x_wconf 70' lang='lat' dir='ltr'>Naturae</span> <span class='ocrx_word' id='word_1_11' title='bbox 598 460 706 497; x_wconf 83' lang='lat' dir='ltr'>varias</span> <span class='ocrx_word' id='word_1_12' title='bbox 719 460 991 514; x_wconf 60' lang='lat' dir='ltr'>tentat‚init‹jtxe</span> <span class='ocrx_word' id='word_1_13' title='bbox 1002 462 1086 499; x_wconf 83' lang='lat' dir='ltr'>vias.</span> 
     </span>
     <span class='ocr_line' id='line_1_5' title="bbox 385 513 1303 571; baseline 0.008 -19"><span class='ocrx_word' id='word_1_14' title='bbox 385 513 491 553; x_wconf 84' lang='lat' dir='ltr'>Illum</span> <span class='ocrx_word' id='word_1_15' title='bbox 505 517 580 571; x_wconf 86' lang='lat' dir='ltr'>agit</span> <span class='ocrx_word' id='word_1_16' title='bbox 595 528 770 555; x_wconf 82' lang='lat' dir='ltr'>extremos</span> <span class='ocrx_word' id='word_1_17' title='bbox 783 518 921 555; x_wconf 82' lang='lat' dir='ltr'>animus</span> <span class='ocrx_word' id='word_1_18' title='bbox 933 531 1113 557; x_wconf 86' lang='lat' dir='ltr'>mercator</span> <span class='ocrx_word' id='word_1_19' title='bbox 1125 517 1170 557; x_wconf 87' lang='lat' dir='ltr'>ad</span> <span class='ocrx_word' id='word_1_20' title='bbox 1184 519 1303 567; x_wconf 85' lang='lat' dir='ltr'>Indos,</span> 
     </span>
     <span class='ocr_line' id='line_1_6' title="bbox 440 572 1136 629; baseline 0.006 -19"><span class='ocrx_word' id='word_1_21' title='bbox 440 575 489 611; x_wconf 91' lang='lat' dir='ltr'>Vt</span> <span class='ocrx_word' id='word_1_22' title='bbox 505 572 750 627; x_wconf 88' lang='lat' dir='ltr'>permutandis</span> <span class='ocrx_word' id='word_1_23' title='bbox 764 573 937 612; x_wconf 82' lang='lat' dir='ltr'>mercibus</span> <span class='ocrx_word' id='word_1_24' title='bbox 949 590 1012 612; x_wconf 85' lang='lat' dir='ltr'>aera</span> <span class='ocrx_word' id='word_1_25' title='bbox 1026 590 1136 629; x_wconf 86' lang='lat' dir='ltr'>paret.</span> 
     </span>
     <span class='ocr_line' id='line_1_7' title="bbox 384 628 1237 685; baseline 0.006 -18"><span class='ocrx_word' id='word_1_26' title='bbox 384 628 491 668; x_wconf 87' lang='lat' dir='ltr'>Illum</span> <span class='ocrx_word' id='word_1_27' title='bbox 505 631 745 685; x_wconf 78' lang='lat' dir='ltr'>AEgyptiacis</span> <span class='ocrx_word' id='word_1_28' title='bbox 759 629 920 669; x_wconf 89' lang='lat' dir='ltr'>diuinum</span> <span class='ocrx_word' id='word_1_29' title='bbox 936 646 1089 685; x_wconf 74' lang='lat' dir='ltr'>quaerere</span> <span class='ocrx_word' id='word_1_30' title='bbox 1103 634 1140 671; x_wconf 89' lang='lat' dir='ltr'>in</span> <span class='ocrx_word' id='word_1_31' title='bbox 1154 635 1237 683; x_wconf 83' lang='lat' dir='ltr'>oris,</span> 
     </span>
     <span class='ocr_line' id='line_1_8' title="bbox 436 687 1170 742; baseline 0.007 -18"><span class='ocrx_word' id='word_1_32' title='bbox 436 690 484 725; x_wconf 87' lang='lat' dir='ltr'>Et</span> <span class='ocrx_word' id='word_1_33' title='bbox 495 688 593 725; x_wconf 86' lang='lat' dir='ltr'>iuuat</span> <span class='ocrx_word' id='word_1_34' title='bbox 603 688 641 725; x_wconf 91' lang='lat' dir='ltr'>in</span> <span class='ocrx_word' id='word_1_35' title='bbox 654 687 780 742; x_wconf 88' lang='lat' dir='ltr'>longas</span> <span class='ocrx_word' id='word_1_36' title='bbox 794 702 859 742; x_wconf 88' lang='lat' dir='ltr'>pro</span> <span class='ocrx_word' id='word_1_37' title='bbox 876 688 1012 742; x_wconf 84' lang='lat' dir='ltr'>Sophia</span> <span class='ocrx_word' id='word_1_38' title='bbox 1025 690 1074 728; x_wconf 88' lang='lat' dir='ltr'>ire</span> <span class='ocrx_word' id='word_1_39' title='bbox 1086 692 1170 729; x_wconf 76' lang='lat' dir='ltr'>vias.</span> 
     </span>
     <span class='ocr_line' id='line_1_9' title="bbox 386 741 1131 802; baseline 0.004 -20"><span class='ocrx_word' id='word_1_40' title='bbox 386 743 491 782; x_wconf 90' lang='lat' dir='ltr'>Illum</span> <span class='ocrx_word' id='word_1_41' title='bbox 504 741 575 782; x_wconf 78' lang='lat' dir='ltr'>sola</span> <span class='ocrx_word' id='word_1_42' title='bbox 589 744 716 783; x_wconf 86' lang='lat' dir='ltr'>oculos</span> <span class='ocrx_word' id='word_1_43' title='bbox 729 743 895 799; x_wconf 86' lang='lat' dir='ltr'>pascendi</span> <span class='ocrx_word' id='word_1_44' title='bbox 910 759 991 783; x_wconf 86' lang='lat' dir='ltr'>cura</span> <span class='ocrx_word' id='word_1_45' title='bbox 1005 745 1131 802; x_wconf 86' lang='lat' dir='ltr'>fatigat</span> 
     </span>
     <span class='ocr_line' id='line_1_10' title="bbox 434 796 1062 841; baseline 0.003 -2"><span class='ocrx_word' id='word_1_46' title='bbox 434 802 614 840; x_wconf 81' lang='lat' dir='ltr'>Extremis</span> <span class='ocrx_word' id='word_1_47' title='bbox 627 799 743 840; x_wconf 86' lang='lat' dir='ltr'>Afiam</span> <span class='ocrx_word' id='word_1_48' title='bbox 757 796 940 840; x_wconf 77' lang='lat' dir='ltr'>sollicitare</span> <span class='ocrx_word' id='word_1_49' title='bbox 953 801 1062 841; x_wconf 86' lang='lat' dir='ltr'>fretis.</span> 
     </span>
     <span class='ocr_line' id='line_1_11' title="bbox 382 857 1302 914; baseline 0.005 -16"><span class='ocrx_word' id='word_1_50' title='bbox 382 861 452 898; x_wconf 85' lang='lat' dir='ltr'>Me</span> <span class='ocrx_word' id='word_1_51' title='bbox 463 858 593 898; x_wconf 85' lang='lat' dir='ltr'>clarum</span> <span class='ocrx_word' id='word_1_52' title='bbox 602 859 737 914; x_wconf 86' lang='lat' dir='ltr'>ingenij</span> <span class='ocrx_word' id='word_1_53' title='bbox 748 872 886 906; x_wconf 87' lang='lat' dir='ltr'>votum,</span> <span class='ocrx_word' id='word_1_54' title='bbox 898 863 934 897; x_wconf 89' lang='lat'>&amp;</span> <span class='ocrx_word' id='word_1_55' title='bbox 948 875 1047 899; x_wconf 90' lang='lat' dir='ltr'>mens</span> <span class='ocrx_word' id='word_1_56' title='bbox 1062 857 1203 900; x_wconf 88' lang='lat' dir='ltr'>conscia</span> <span class='ocrx_word' id='word_1_57' title='bbox 1217 866 1302 913; x_wconf 85' lang='lat' dir='ltr'>veri,</span> 
     </span>
     <span class='ocr_line' id='line_1_12' title="bbox 434 915 1070 971; baseline 0.003 -17"><span class='ocrx_word' id='word_1_58' title='bbox 434 915 592 954; x_wconf 83' lang='lat' dir='ltr'>Edocuit</span> <span class='ocrx_word' id='word_1_59' title='bbox 604 929 740 955; x_wconf 88' lang='lat' dir='ltr'>veteres</span> <span class='ocrx_word' id='word_1_60' title='bbox 755 917 802 954; x_wconf 87' lang='lat' dir='ltr'>ire</span> <span class='ocrx_word' id='word_1_61' title='bbox 820 931 884 971; x_wconf 86' lang='lat' dir='ltr'>per</span> <span class='ocrx_word' id='word_1_62' title='bbox 897 915 1070 964; x_wconf 87' lang='lat' dir='ltr'>historias,</span> 
     </span>
     <span class='ocr_line' id='line_1_13' title="bbox 382 971 1259 1031; baseline 0.002 -18"><span class='ocrx_word' id='word_1_63' title='bbox 382 976 429 1013; x_wconf 89' lang='lat' dir='ltr'>Et</span> <span class='ocrx_word' id='word_1_64' title='bbox 442 974 532 1013; x_wconf 82' lang='lat' dir='ltr'>varia</span> <span class='ocrx_word' id='word_1_65' title='bbox 547 971 691 1024; x_wconf 89' lang='lat' dir='ltr'>Ausonij</span> <span class='ocrx_word' id='word_1_66' title='bbox 706 987 944 1012; x_wconf 81' lang='lat' dir='ltr'>monumenta</span> <span class='ocrx_word' id='word_1_67' title='bbox 956 975 1130 1028; x_wconf 82' lang='lat' dir='ltr'>inquirere</span> <span class='ocrx_word' id='word_1_68' title='bbox 1145 978 1259 1031; x_wconf 85' lang='lat' dir='ltr'>regni,</span> 
     </span>
     <span class='ocr_line' id='line_1_14' title="bbox 443 1028 1239 1088; baseline 0.005 -20"><span class='ocrx_word' id='word_1_69' title='bbox 443 1031 478 1068; x_wconf 89' lang='lat' dir='ltr'>Si</span> <span class='ocrx_word' id='word_1_70' title='bbox 494 1044 562 1085; x_wconf 89' lang='lat' dir='ltr'>qua</span> <span class='ocrx_word' id='word_1_71' title='bbox 575 1031 695 1070; x_wconf 87' lang='lat' dir='ltr'>iacent</span> <span class='ocrx_word' id='word_1_72' title='bbox 709 1030 812 1069; x_wconf 85' lang='lat' dir='ltr'>daras</span> <span class='ocrx_word' id='word_1_73' title='bbox 830 1028 941 1085; x_wconf 69' lang='lat' dir='ltr'>sparsa</span> <span class='ocrx_word' id='word_1_74' title='bbox 953 1046 1017 1086; x_wconf 88' lang='lat' dir='ltr'>per</span> <span class='ocrx_word' id='word_1_75' title='bbox 1029 1031 1124 1070; x_wconf 69' lang='lat' dir='ltr'>orbis</span> <span class='ocrx_word' id='word_1_76' title='bbox 1139 1048 1239 1088; x_wconf 87' lang='lat' dir='ltr'>opes.</span> 
     </span>
     <span class='ocr_line' id='line_1_15' title="bbox 382 1086 1381 1147; baseline 0.003 -21"><span class='ocrx_word' id='word_1_77' title='bbox 382 1088 486 1131; x_wconf 88' lang='lat' dir='ltr'>Hinc</span> <span class='ocrx_word' id='word_1_78' title='bbox 501 1090 606 1127; x_wconf 86' lang='lat' dir='ltr'>etiarn</span> <span class='ocrx_word' id='word_1_79' title='bbox 622 1086 773 1143; x_wconf 79' lang='lat' dir='ltr'>effigies,</span> <span class='ocrx_word' id='word_1_80' title='bbox 788 1089 985 1142; x_wconf 66' lang='lat' dir='ltr'>veterumq&#39;3</span> <span class='ocrx_word' id='word_1_81' title='bbox 1002 1087 1211 1128; x_wconf 82' lang='lat' dir='ltr'>numismata</span> <span class='ocrx_word' id='word_1_82' title='bbox 1225 1095 1381 1147; x_wconf 75' lang='lat' dir='ltr'>Regum,</span> 
     </span>
     <span class='ocr_line' id='line_1_16' title="bbox 437 1143 1164 1200; baseline 0.003 -17"><span class='ocrx_word' id='word_1_83' title='bbox 437 1148 537 1183; x_wconf 88' lang='lat' dir='ltr'>Cura</span> <span class='ocrx_word' id='word_1_84' title='bbox 550 1143 617 1183; x_wconf 91' lang='lat' dir='ltr'>fuit</span> <span class='ocrx_word' id='word_1_85' title='bbox 632 1144 745 1183; x_wconf 69' lang='lat' dir='ltr'>doffis</span> <span class='ocrx_word' id='word_1_86' title='bbox 759 1143 916 1200; x_wconf 87' lang='lat' dir='ltr'>sculpere</span> <span class='ocrx_word' id='word_1_87' title='bbox 932 1147 966 1183; x_wconf 86' lang='lat' dir='ltr'>in</span> <span class='ocrx_word' id='word_1_88' title='bbox 980 1160 1044 1184; x_wconf 85' lang='lat' dir='ltr'>aere</span> <span class='ocrx_word' id='word_1_89' title='bbox 1057 1148 1164 1185; x_wconf 86' lang='lat' dir='ltr'>notis.</span> 
     </span>
     <span class='ocr_line' id='line_1_17' title="bbox 382 1201 1112 1243; baseline 0 -1"><span class='ocrx_word' id='word_1_90' title='bbox 382 1201 461 1243; x_wconf 84' lang='lat' dir='ltr'>Istis</span> <span class='ocrx_word' id='word_1_91' title='bbox 475 1201 644 1241; x_wconf 81' lang='lat' dir='ltr'>audacem</span> <span class='ocrx_word' id='word_1_92' title='bbox 657 1205 696 1240; x_wconf 84' lang='lat' dir='ltr'>in</span> <span class='ocrx_word' id='word_1_93' title='bbox 708 1201 810 1241; x_wconf 88' lang='lat' dir='ltr'>rebus</span> <span class='ocrx_word' id='word_1_94' title='bbox 823 1217 882 1241; x_wconf 90' lang='lat' dir='ltr'>me</span> <span class='ocrx_word' id='word_1_95' title='bbox 894 1201 1029 1242; x_wconf 81' lang='lat' dir='ltr'>fecerat</span> <span class='ocrx_word' id='word_1_96' title='bbox 1044 1201 1112 1242; x_wconf 68' lang='lat' dir='ltr'>esse</span> 
     </span>
     <span class='ocr_line' id='line_1_18' title="bbox 443 1259 1296 1314; baseline 0.005 -17"><span class='ocrx_word' id='word_1_97' title='bbox 443 1262 473 1297; x_wconf 93' lang='lat' dir='ltr'>L</span> <span class='ocrx_word' id='word_1_98' title='bbox 482 1273 505 1298; x_wconf 78' lang='grc' dir='ltr'>Α</span> <span class='ocrx_word' id='word_1_99' title='bbox 516 1272 540 1298; x_wconf 89' lang='lat' dir='ltr'>v</span> <span class='ocrx_word' id='word_1_100' title='bbox 550 1273 575 1298; x_wconf 82' lang='lat' dir='ltr'>R</span> <span class='ocrx_word' id='word_1_101' title='bbox 585 1273 599 1298; x_wconf 92' lang='lat'>1</span> <span class='ocrx_word' id='word_1_102' title='bbox 610 1274 640 1299; x_wconf 85' lang='lat' dir='ltr'>N</span> <span class='ocrx_word' id='word_1_103' title='bbox 653 1271 676 1297; x_wconf 86' lang='lat' dir='ltr'>v</span> <span class='ocrx_word' id='word_1_104' title='bbox 686 1272 700 1297; x_wconf 86' lang='lat' dir='ltr'>s</span> <span class='ocrx_word' id='word_1_105' title='bbox 719 1273 891 1314; x_wconf 88' lang='lat' dir='ltr'>prompto</span> <span class='ocrx_word' id='word_1_106' title='bbox 906 1273 1093 1314; x_wconf 88' lang='lat' dir='ltr'>promptus</span> <span class='ocrx_word' id='word_1_107' title='bbox 1107 1262 1144 1298; x_wconf 89' lang='lat' dir='ltr'>in</span> <span class='ocrx_word' id='word_1_108' title='bbox 1158 1259 1296 1309; x_wconf 82' lang='lat' dir='ltr'>officio,</span> 
     </span>
     <span class='ocr_line' id='line_1_19' title="bbox 385 1315 1282 1372; baseline 0.002 -16"><span class='ocrx_word' id='word_1_109' title='bbox 385 1320 446 1356; x_wconf 78' lang='lat' dir='ltr'>LA</span> <span class='ocrx_word' id='word_1_110' title='bbox 456 1329 478 1355; x_wconf 88' lang='lat' dir='ltr'><strong>v</strong></span> <span class='ocrx_word' id='word_1_111' title='bbox 488 1330 533 1355; x_wconf 81' lang='lat' dir='ltr'>Rl</span> <span class='ocrx_word' id='word_1_112' title='bbox 545 1331 573 1355; x_wconf 82' lang='lat' dir='ltr'>N</span> <span class='ocrx_word' id='word_1_113' title='bbox 585 1330 610 1355; x_wconf 90' lang='lat' dir='ltr'>v</span> <span class='ocrx_word' id='word_1_114' title='bbox 625 1329 640 1355; x_wconf 86' lang='lat' dir='ltr'>s</span> <span class='ocrx_word' id='word_1_115' title='bbox 661 1315 785 1354; x_wconf 82' lang='lat' dir='ltr'>Phoebi</span> <span class='ocrx_word' id='word_1_116' title='bbox 796 1316 895 1355; x_wconf 87' lang='lat' dir='ltr'>lauro</span> <span class='ocrx_word' id='word_1_117' title='bbox 910 1330 982 1355; x_wconf 89' lang='lat' dir='ltr'>tam</span> <span class='ocrx_word' id='word_1_118' title='bbox 998 1317 1136 1372; x_wconf 85' lang='lat' dir='ltr'>dignus,</span> <span class='ocrx_word' id='word_1_119' title='bbox 1147 1331 1184 1356; x_wconf 89' lang='lat' dir='ltr'>vt</span> <span class='ocrx_word' id='word_1_120' title='bbox 1197 1319 1282 1358; x_wconf 84' lang='lat' dir='ltr'>inde</span> 
     </span>
     <span class='ocr_line' id='line_1_20' title="bbox 439 1373 1178 1429; baseline 0.003 -17"><span class='ocrx_word' id='word_1_121' title='bbox 439 1375 604 1412; x_wconf 85' lang='lat' dir='ltr'>Traxerit</span> <span class='ocrx_word' id='word_1_122' title='bbox 617 1373 794 1412; x_wconf 84' lang='lat' dir='ltr'>excellens</span> <span class='ocrx_word' id='word_1_123' title='bbox 809 1375 965 1412; x_wconf 85' lang='lat' dir='ltr'>nominis</span> <span class='ocrx_word' id='word_1_124' title='bbox 978 1375 1178 1429; x_wconf 84' lang='lat' dir='ltr'>augurium.</span> 
     </span>
     <span class='ocr_line' id='line_1_21' title="bbox 384 1428 1094 1486; baseline -0.001 -15"><span class='ocrx_word' id='word_1_125' title='bbox 384 1431 486 1471; x_wconf 86' lang='lat' dir='ltr'>Ibam</span> <span class='ocrx_word' id='word_1_126' title='bbox 498 1445 561 1486; x_wconf 88' lang='lat' dir='ltr'>per</span> <span class='ocrx_word' id='word_1_127' title='bbox 570 1432 679 1470; x_wconf 87' lang='lat' dir='ltr'>varias</span> <span class='ocrx_word' id='word_1_128' title='bbox 691 1432 861 1470; x_wconf 86' lang='lat' dir='ltr'>Germani</span> <span class='ocrx_word' id='word_1_129' title='bbox 871 1428 993 1484; x_wconf 62' lang='lat' dir='ltr'>ssvderis</span> <span class='ocrx_word' id='word_1_130' title='bbox 1004 1446 1094 1479; x_wconf 85' lang='lat' dir='ltr'>oras,</span> 
     </span>
     <span class='ocr_line' id='line_1_22' title="bbox 445 1486 1151 1529; baseline 0.003 -3"><span class='ocrx_word' id='word_1_131' title='bbox 445 1488 640 1527; x_wconf 69' lang='lat' dir='ltr'>Subuestus</span> <span class='ocrx_word' id='word_1_132' title='bbox 655 1486 767 1526; x_wconf 83' lang='lat' dir='ltr'>fluuio</span> <span class='ocrx_word' id='word_1_133' title='bbox 783 1487 910 1527; x_wconf 82' lang='lat' dir='ltr'>Rhene</span> <span class='ocrx_word' id='word_1_134' title='bbox 924 1487 1058 1527; x_wconf 87' lang='lat' dir='ltr'>vetuste</span> <span class='ocrx_word' id='word_1_135' title='bbox 1071 1502 1151 1529; x_wconf 76' lang='lat' dir='ltr'>tuo,</span> 
     </span>
     <span class='ocr_line' id='line_1_23' title="bbox 384 1544 1297 1601; baseline -0.001 -16"><span class='ocrx_word' id='word_1_136' title='bbox 384 1546 460 1586; x_wconf 78' lang='lat' dir='ltr'>Hic</span> <span class='ocrx_word' id='word_1_137' title='bbox 473 1561 543 1601; x_wconf 87' lang='lat' dir='ltr'>ego</span> <span class='ocrx_word' id='word_1_138' title='bbox 559 1545 810 1599; x_wconf 79' lang='lat' dir='ltr'>Romanosq‘ue</span> <span class='ocrx_word' id='word_1_139' title='bbox 825 1544 1183 1601; x_wconf 57' lang='lat' dir='ltr'>duces,Romanacjue</span> <span class='ocrx_word' id='word_1_140' title='bbox 1196 1545 1297 1595; x_wconf 76' lang='lat' dir='ltr'>bella,</span> 
     </span>
     <span class='ocr_line' id='line_1_24' title="bbox 445 1600 1277 1659; baseline -0.001 -16"><span class='ocrx_word' id='word_1_141' title='bbox 445 1607 493 1643; x_wconf 87' lang='lat' dir='ltr'>Et</span> <span class='ocrx_word' id='word_1_142' title='bbox 503 1618 659 1643; x_wconf 85' lang='lat' dir='ltr'>veterum</span> <span class='ocrx_word' id='word_1_143' title='bbox 676 1600 840 1657; x_wconf 76' lang='lat' dir='ltr'>exsculpfi</span> <span class='ocrx_word' id='word_1_144' title='bbox 855 1602 946 1641; x_wconf 80' lang='lat' dir='ltr'>clara</span> <span class='ocrx_word' id='word_1_145' title='bbox 958 1617 1013 1642; x_wconf 91' lang='lat' dir='ltr'>tro</span> <span class='ocrx_word' id='word_1_146' title='bbox 1017 1602 1113 1658; x_wconf 81' lang='lat' dir='ltr'>phaea</span> <span class='ocrx_word' id='word_1_147' title='bbox 1123 1617 1277 1659; x_wconf 86' lang='lat' dir='ltr'>patrum.</span> 
     </span>
     <span class='ocr_line' id='line_1_25' title="bbox 386 1658 1290 1715; baseline 0 -16"><span class='ocrx_word' id='word_1_148' title='bbox 386 1660 489 1715; x_wconf 53' lang='lat' dir='ltr'>Nilss</span> <span class='ocrx_word' id='word_1_149' title='bbox 502 1661 591 1700; x_wconf 74' lang='lat' dir='ltr'>adeo</span> <span class='ocrx_word' id='word_1_150' title='bbox 606 1658 679 1700; x_wconf 85' lang='lat' dir='ltr'>visu</span> <span class='ocrx_word' id='word_1_151' title='bbox 693 1659 854 1715; x_wconf 86' lang='lat' dir='ltr'>dignum,</span> <span class='ocrx_word' id='word_1_152' title='bbox 867 1661 1092 1715; x_wconf 70' lang='lat' dir='ltr'>antiqtmmcj3</span> <span class='ocrx_word' id='word_1_153' title='bbox 1107 1659 1290 1708; x_wconf 86' lang='lat' dir='ltr'>notabam,</span> 
     </span>
     <span class='ocr_line' id='line_1_26' title="bbox 449 1716 1197 1772; baseline 0 -15"><span class='ocrx_word' id='word_1_154' title='bbox 449 1718 573 1772; x_wconf 80' lang='lat' dir='ltr'>Qod</span> <span class='ocrx_word' id='word_1_155' title='bbox 583 1733 658 1756; x_wconf 91' lang='lat' dir='ltr'>non</span> <span class='ocrx_word' id='word_1_156' title='bbox 671 1720 709 1756; x_wconf 91' lang='lat' dir='ltr'>in</span> <span class='ocrx_word' id='word_1_157' title='bbox 721 1716 846 1756; x_wconf 82' lang='lat' dir='ltr'>fimiles</span> <span class='ocrx_word' id='word_1_158' title='bbox 860 1718 926 1756; x_wconf 86' lang='lat' dir='ltr'>iret</span> <span class='ocrx_word' id='word_1_159' title='bbox 939 1717 982 1756; x_wconf 87' lang='lat' dir='ltr'>ab</span> <span class='ocrx_word' id='word_1_160' title='bbox 997 1731 1070 1756; x_wconf 89' lang='lat' dir='ltr'>arte</span> <span class='ocrx_word' id='word_1_161' title='bbox 1081 1731 1197 1757; x_wconf 88' lang='lat' dir='ltr'>notas.</span> 
     </span>
     <span class='ocr_line' id='line_1_27' title="bbox 392 1774 1375 1830; baseline -0.002 -14"><span class='ocrx_word' id='word_1_162' title='bbox 392 1778 494 1816; x_wconf 87' lang='lat' dir='ltr'>Hinc</span> <span class='ocrx_word' id='word_1_163' title='bbox 507 1775 662 1815; x_wconf 89' lang='lat' dir='ltr'>nostram</span> <span class='ocrx_word' id='word_1_164' title='bbox 676 1774 903 1830; x_wconf 86' lang='lat' dir='ltr'>Herbipolim</span> <span class='ocrx_word' id='word_1_165' title='bbox 918 1776 980 1830; x_wconf 89' lang='lat' dir='ltr'>qui</span> <span class='ocrx_word' id='word_1_166' title='bbox 993 1775 1242 1830; x_wconf 75' lang='lat' dir='ltr'>praeterlabitur</span> <span class='ocrx_word' id='word_1_167' title='bbox 1253 1777 1375 1824; x_wconf 67' lang='lat' dir='ltr'>amnia,</span> 
     </span>
     <span class='ocr_line' id='line_1_28' title="bbox 447 1831 1135 1889; baseline -0.003 -17"><span class='ocrx_word' id='word_1_168' title='bbox 447 1834 600 1889; x_wconf 80' lang='lat' dir='ltr'>Excepit</span> <span class='ocrx_word' id='word_1_169' title='bbox 612 1831 710 1872; x_wconf 79' lang='lat' dir='ltr'>flauis</span> <span class='ocrx_word' id='word_1_170' title='bbox 721 1831 859 1872; x_wconf 87' lang='lat' dir='ltr'>aduena</span> <span class='ocrx_word' id='word_1_171' title='bbox 870 1834 1135 1887; x_wconf 52' lang='lat' dir='ltr'>Moenusaquis,</span> 
     </span>
     <span class='ocr_line' id='line_1_29' title="bbox 393 1887 1197 1946; baseline -0.005 -14"><span class='ocrx_word' id='word_1_172' title='bbox 393 1891 479 1946; x_wconf 83' lang='lat' dir='ltr'>Qi</span> <span class='ocrx_word' id='word_1_173' title='bbox 490 1907 547 1931; x_wconf 90' lang='lat' dir='ltr'>me</span> <span class='ocrx_word' id='word_1_174' title='bbox 557 1889 686 1930; x_wconf 86' lang='lat' dir='ltr'>vitiferi</span> <span class='ocrx_word' id='word_1_175' title='bbox 698 1889 890 1928; x_wconf 72' lang='lat' dir='ltr'>deduecum</span> <span class='ocrx_word' id='word_1_176' title='bbox 902 1892 1085 1929; x_wconf 85' lang='lat' dir='ltr'>Neccaros</span> <span class='ocrx_word' id='word_1_177' title='bbox 1094 1887 1197 1937; x_wconf 85' lang='lat' dir='ltr'>vnda,</span> 
     </span>
     <span class='ocr_line' id='line_1_30' title="bbox 449 1945 1107 2004; baseline -0.008 -15"><span class='ocrx_word' id='word_1_178' title='bbox 449 1945 625 2004; x_wconf 78' lang='lat' dir='ltr'>Imposuit</span> <span class='ocrx_word' id='word_1_179' title='bbox 639 1948 760 2002; x_wconf 86' lang='lat' dir='ltr'>magni</span> <span class='ocrx_word' id='word_1_180' title='bbox 773 1945 919 1986; x_wconf 84' lang='lat' dir='ltr'>flumine</span> <span class='ocrx_word' id='word_1_181' title='bbox 936 1946 1107 1998; x_wconf 87' lang='lat' dir='ltr'>Danubij.</span> 
     </span>
     <span class='ocr_line' id='line_1_31' title="bbox 392 2001 1360 2060; baseline -0.001 -15"><span class='ocrx_word' id='word_1_182' title='bbox 392 2006 467 2046; x_wconf 75' lang='lat' dir='ltr'>Hic</span> <span class='ocrx_word' id='word_1_183' title='bbox 477 2020 624 2060; x_wconf 89' lang='lat' dir='ltr'>quoque</span> <span class='ocrx_word' id='word_1_184' title='bbox 634 2002 803 2044; x_wconf 86' lang='lat' dir='ltr'>confimili</span> <span class='ocrx_word' id='word_1_185' title='bbox 818 2003 948 2052; x_wconf 85' lang='lat' dir='ltr'>studio,</span> <span class='ocrx_word' id='word_1_186' title='bbox 959 2001 1161 2059; x_wconf 36' lang='lat' dir='ltr'>assuetam&amp;</span> <span class='ocrx_word' id='word_1_187' title='bbox 1174 2018 1239 2060; x_wconf 85' lang='lat' dir='ltr'>per</span> <span class='ocrx_word' id='word_1_188' title='bbox 1249 2016 1360 2045; x_wconf 79' lang='lat' dir='ltr'>artem</span> 
     </span>
     <span class='ocr_line' id='line_1_32' title="bbox 453 2059 1127 2118; baseline 0 -16"><span class='ocrx_word' id='word_1_189' title='bbox 453 2065 679 2118; x_wconf 85' lang='lat' dir='ltr'>Omnigenas</span> <span class='ocrx_word' id='word_1_190' title='bbox 691 2059 787 2100; x_wconf 84' lang='lat' dir='ltr'>haufi</span> <span class='ocrx_word' id='word_1_191' title='bbox 797 2061 1011 2116; x_wconf 80' lang='lat' dir='ltr'>posteritatis</span> <span class='ocrx_word' id='word_1_192' title='bbox 1025 2076 1127 2116; x_wconf 73' lang='lat' dir='ltr'>opes,</span> 
     </span>
     <span class='ocr_line' id='line_1_33' title="bbox 394 2117 1249 2174; baseline -0.005 -14"><span class='ocrx_word' id='word_1_193' title='bbox 394 2121 454 2161; x_wconf 88' lang='lat' dir='ltr'>Sic</span> <span class='ocrx_word' id='word_1_194' title='bbox 466 2119 553 2160; x_wconf 83' lang='lat' dir='ltr'>mihi</span> <span class='ocrx_word' id='word_1_195' title='bbox 564 2117 744 2174; x_wconf 85' lang='lat' dir='ltr'>descriptis</span> <span class='ocrx_word' id='word_1_196' title='bbox 756 2121 940 2158; x_wconf 86' lang='lat' dir='ltr'>Germano</span> <span class='ocrx_word' id='word_1_197' title='bbox 952 2134 991 2157; x_wconf 87' lang='lat' dir='ltr'>cx</span> <span class='ocrx_word' id='word_1_198' title='bbox 1001 2118 1088 2158; x_wconf 85' lang='lat' dir='ltr'>orbe</span> <span class='ocrx_word' id='word_1_199' title='bbox 1100 2118 1249 2166; x_wconf 79' lang='lat' dir='ltr'>tabellis,</span> 
     </span>
     <span class='ocr_line' id='line_1_34' title="bbox 461 2173 1061 2218; baseline -0.005 -1"><span class='ocrx_word' id='word_1_200' title='bbox 461 2175 634 2218; x_wconf 89' lang='lat' dir='ltr'>Ausonias</span> <span class='ocrx_word' id='word_1_201' title='bbox 648 2175 747 2216; x_wconf 88' lang='lat' dir='ltr'>vrbes</span> <span class='ocrx_word' id='word_1_202' title='bbox 760 2173 868 2215; x_wconf 83' lang='lat' dir='ltr'>visere</span> <span class='ocrx_word' id='word_1_203' title='bbox 881 2191 963 2215; x_wconf 89' lang='lat' dir='ltr'>cura</span> <span class='ocrx_word' id='word_1_204' title='bbox 980 2175 1061 2215; x_wconf 89' lang='lat' dir='ltr'>fuit.</span> 
     </span>
     <span class='ocr_line' id='line_1_35' title="bbox 401 2230 1245 2287; baseline -0.006 -12"><span class='ocrx_word' id='word_1_205' title='bbox 401 2235 475 2275; x_wconf 81' lang='lat' dir='ltr'>Hic</span> <span class='ocrx_word' id='word_1_206' title='bbox 494 2234 639 2274; x_wconf 69' lang='lat' dir='ltr'>demum</span> <span class='ocrx_word' id='word_1_207' title='bbox 652 2232 818 2272; x_wconf 79' lang='lat' dir='ltr'>foecunda</span> <span class='ocrx_word' id='word_1_208' title='bbox 828 2231 899 2272; x_wconf 79' lang='lat' dir='ltr'>istis</span> <span class='ocrx_word' id='word_1_209' title='bbox 909 2231 987 2271; x_wconf 90' lang='lat' dir='ltr'>sunt</span> <span class='ocrx_word' id='word_1_210' title='bbox 997 2234 1119 2271; x_wconf 87' lang='lat' dir='ltr'>omnia</span> <span class='ocrx_word' id='word_1_211' title='bbox 1128 2230 1152 2271; x_wconf 77' lang='lat' dir='ltr'>fi</span> <span class='ocrx_word' id='word_1_212' title='bbox 1153 2233 1245 2287; x_wconf 82' lang='lat' dir='ltr'>gnis,</span> 
     </span>
     <span class='ocr_line' id='line_1_36' title="bbox 456 2289 1190 2345; baseline -0.005 -13"><span class='ocrx_word' id='word_1_213' title='bbox 456 2292 531 2332; x_wconf 74' lang='lat' dir='ltr'>Hic</span> <span class='ocrx_word' id='word_1_214' title='bbox 548 2290 690 2330; x_wconf 72' lang='lat' dir='ltr'>demum</span> <span class='ocrx_word' id='word_1_215' title='bbox 707 2289 851 2329; x_wconf 85' lang='lat' dir='ltr'>istorum</span> <span class='ocrx_word' id='word_1_216' title='bbox 866 2291 967 2344; x_wconf 86' lang='lat' dir='ltr'>copia</span> <span class='ocrx_word' id='word_1_217' title='bbox 979 2289 1074 2345; x_wconf 79' lang='lat' dir='ltr'>larga</span> <span class='ocrx_word' id='word_1_218' title='bbox 1086 2291 1190 2328; x_wconf 88' lang='lat' dir='ltr'>iacet.</span> 
     </span>
     <span class='ocr_line' id='line_1_37' title="bbox 401 2346 1289 2403; baseline -0.007 -14"><span class='ocrx_word' id='word_1_219' title='bbox 401 2349 475 2389; x_wconf 75' lang='lat' dir='ltr'>Hic</span> <span class='ocrx_word' id='word_1_220' title='bbox 489 2348 605 2388; x_wconf 84' lang='lat' dir='ltr'>videas</span> <span class='ocrx_word' id='word_1_221' title='bbox 619 2346 914 2403; x_wconf 83' lang='lat' dir='ltr'>sculptum,veteri</span> <span class='ocrx_word' id='word_1_222' title='bbox 924 2346 970 2386; x_wconf 89' lang='lat' dir='ltr'>de</span> <span class='ocrx_word' id='word_1_223' title='bbox 982 2362 1094 2394; x_wconf 87' lang='lat' dir='ltr'>more,</span> <span class='ocrx_word' id='word_1_224' title='bbox 1110 2349 1289 2393; x_wconf 86' lang='lat' dir='ltr'>Senatum,</span> 
     </span>
     <span class='ocr_line' id='line_1_38' title="bbox 455 2402 1134 2461; baseline -0.001 -16"><span class='ocrx_word' id='word_1_225' title='bbox 455 2405 633 2461; x_wconf 61' lang='lat' dir='ltr'>Plenacjue</span> <span class='ocrx_word' id='word_1_226' title='bbox 646 2405 818 2444; x_wconf 83' lang='lat' dir='ltr'>Romanis</span> <span class='ocrx_word' id='word_1_227' title='bbox 831 2405 917 2443; x_wconf 88' lang='lat' dir='ltr'>atria</span> <span class='ocrx_word' id='word_1_228' title='bbox 932 2402 1134 2444; x_wconf 70' lang='lat' dir='ltr'>Caesaribus.</span> 
     </span>
     <span class='ocr_line' id='line_1_39' title="bbox 403 2457 1258 2518; baseline -0.002 -16"><span class='ocrx_word' id='word_1_229' title='bbox 403 2464 624 2518; x_wconf 84' lang='lat' dir='ltr'>Qinetiam</span> <span class='ocrx_word' id='word_1_230' title='bbox 640 2477 682 2501; x_wconf 85' lang='lat' dir='ltr'>ex</span> <span class='ocrx_word' id='word_1_231' title='bbox 691 2461 762 2500; x_wconf 88' lang='lat' dir='ltr'>istis</span> <span class='ocrx_word' id='word_1_232' title='bbox 772 2459 918 2517; x_wconf 87' lang='lat' dir='ltr'>surgunt</span> <span class='ocrx_word' id='word_1_233' title='bbox 931 2460 979 2499; x_wconf 87' lang='lat' dir='ltr'>ibi</span> <span class='ocrx_word' id='word_1_234' title='bbox 993 2461 1124 2499; x_wconf 84' lang='lat' dir='ltr'>moenia</span> <span class='ocrx_word' id='word_1_235' title='bbox 1136 2457 1258 2516; x_wconf 81' lang='lat' dir='ltr'>signis.</span> 
     </span>
     <span class='ocr_line' id='line_1_40' title="bbox 463 2516 1069 2574; baseline -0.008 -14"><span class='ocrx_word' id='word_1_236' title='bbox 463 2523 502 2559; x_wconf 93' lang='lat' dir='ltr'>O</span> <span class='ocrx_word' id='word_1_237' title='bbox 513 2519 661 2560; x_wconf 77' lang='lat' dir='ltr'>infausta</span> <span class='ocrx_word' id='word_1_238' title='bbox 673 2519 776 2558; x_wconf 88' lang='lat' dir='ltr'>huius</span> <span class='ocrx_word' id='word_1_239' title='bbox 791 2519 897 2574; x_wconf 83' lang='lat' dir='ltr'>copia</span> <span class='ocrx_word' id='word_1_240' title='bbox 909 2516 1069 2556; x_wconf 74' lang='lat' dir='ltr'>luxuriae?</span> 
     </span>
     <span class='ocr_line' id='line_1_41' title="bbox 408 2573 1298 2632; baseline -0.004 -15"><span class='ocrx_word' id='word_1_241' title='bbox 408 2580 497 2617; x_wconf 89' lang='lat' dir='ltr'>Hoc</span> <span class='ocrx_word' id='word_1_242' title='bbox 508 2591 630 2617; x_wconf 85' lang='lat' dir='ltr'>tamen</span> <span class='ocrx_word' id='word_1_243' title='bbox 640 2573 778 2632; x_wconf 78' lang='lat' dir='ltr'>ignostzi</span> <span class='ocrx_word' id='word_1_244' title='bbox 792 2589 948 2630; x_wconf 88' lang='lat' dir='ltr'>poterat,</span> <span class='ocrx_word' id='word_1_245' title='bbox 965 2576 1000 2613; x_wconf 90' lang='lat' dir='ltr'>ni</span> <span class='ocrx_word' id='word_1_246' title='bbox 1016 2573 1156 2613; x_wconf 89' lang='lat' dir='ltr'>instrata</span> <span class='ocrx_word' id='word_1_247' title='bbox 1170 2573 1298 2629; x_wconf 83' lang='lat' dir='ltr'>plataeis</span> 
     </span>
     <span class='ocr_line' id='line_1_42' title="bbox 466 2630 1176 2689; baseline -0.006 -16"><span class='ocrx_word' id='word_1_248' title='bbox 466 2634 634 2673; x_wconf 86' lang='lat' dir='ltr'>Sordenti</span> <span class='ocrx_word' id='word_1_249' title='bbox 649 2633 802 2689; x_wconf 86' lang='lat' dir='ltr'>populus</span> <span class='ocrx_word' id='word_1_250' title='bbox 811 2631 994 2686; x_wconf 86' lang='lat' dir='ltr'>stringeret</span> <span class='ocrx_word' id='word_1_251' title='bbox 1004 2631 1061 2670; x_wconf 81' lang='lat' dir='ltr'>illa</span> <span class='ocrx_word' id='word_1_252' title='bbox 1071 2630 1176 2686; x_wconf 85' lang='lat' dir='ltr'>pede.</span> 
     </span>
     <span class='ocr_line' id='line_1_43' title="bbox 412 2684 1390 2746; baseline -0.005 -16"><span class='ocrx_word' id='word_1_253' title='bbox 412 2691 486 2731; x_wconf 79' lang='lat' dir='ltr'>Hic</span> <span class='ocrx_word' id='word_1_254' title='bbox 497 2707 566 2746; x_wconf 89' lang='lat' dir='ltr'>ego</span> <span class='ocrx_word' id='word_1_255' title='bbox 578 2690 750 2746; x_wconf 87' lang='lat' dir='ltr'>quidquid</span> <span class='ocrx_word' id='word_1_256' title='bbox 763 2703 835 2730; x_wconf 89' lang='lat' dir='ltr'>erat</span> <span class='ocrx_word' id='word_1_257' title='bbox 843 2687 1182 2743; x_wconf 63' lang='lat' dir='ltr'>vetus,antiquumcj·,</span> <span class='ocrx_word' id='word_1_258' title='bbox 1192 2718 1203 2735; x_wconf 90' lang='lat'><em>‚</em></span> <span class='ocrx_word' id='word_1_259' title='bbox 1219 2684 1390 2726; x_wconf 69' lang='lat' dir='ltr'>notabam</span> 
     </span>
     <span class='ocr_line' id='line_1_44' title="bbox 465 2743 1391 2802; baseline -0.008 -15"><span class='ocrx_word' id='word_1_260' title='bbox 465 2746 675 2788; x_wconf 78' lang='lat' dir='ltr'>Assimulans</span> <span class='ocrx_word' id='word_1_261' title='bbox 689 2747 802 2786; x_wconf 76' lang='lat' dir='ltr'>doecis</span> <span class='ocrx_word' id='word_1_262' title='bbox 814 2745 912 2802; x_wconf 76' lang='lat' dir='ltr'>signa</span> <span class='ocrx_word' id='word_1_263' title='bbox 925 2758 1060 2800; x_wconf 84' lang='lat' dir='ltr'>reperta</span> <span class='ocrx_word' id='word_1_264' title='bbox 1070 2746 1176 2783; x_wconf 85' lang='lat' dir='ltr'>notis.</span> <span class='ocrx_word' id='word_1_265' title='bbox 1388 2743 1391 2747; x_wconf 66' lang='grc'><strong>”</strong></span> 
     </span>
     <span class='ocr_line' id='line_1_45' title="bbox 414 2801 1227 2860; baseline -0.005 -16"><span class='ocrx_word' id='word_1_266' title='bbox 414 2805 642 2860; x_wconf 71' lang='lat' dir='ltr'>Qodq&#39;321ij</span> <span class='ocrx_word' id='word_1_267' title='bbox 659 2806 807 2859; x_wconf 88' lang='lat' dir='ltr'>ingenio</span> <span class='ocrx_word' id='word_1_268' title='bbox 823 2805 916 2850; x_wconf 81' lang='lat' dir='ltr'>clari,</span> <span class='ocrx_word' id='word_1_269' title='bbox 929 2807 965 2841; x_wconf 85' lang='lat'>&amp;</span> <span class='ocrx_word' id='word_1_270' title='bbox 982 2804 1111 2841; x_wconf 83' lang='lat' dir='ltr'>virtute</span> <span class='ocrx_word' id='word_1_271' title='bbox 1124 2801 1227 2857; x_wconf 74' lang='lat' dir='ltr'>politi</span> 
     </span>
     <span class='ocr_line' id='line_1_46' title="bbox 472 2858 1141 2916; baseline -0.004 -16"><span class='ocrx_word' id='word_1_272' title='bbox 472 2861 665 2902; x_wconf 87' lang='lat' dir='ltr'>Ducebant</span> <span class='ocrx_word' id='word_1_273' title='bbox 676 2861 774 2900; x_wconf 88' lang='lat' dir='ltr'>nullo</span> <span class='ocrx_word' id='word_1_274' title='bbox 788 2858 888 2916; x_wconf 80' lang='lat' dir='ltr'>poffe</span> <span class='ocrx_word' id='word_1_275' title='bbox 899 2862 1019 2905; x_wconf 77' lang='lat' dir='ltr'>iuuare</span> <span class='ocrx_word' id='word_1_276' title='bbox 1029 2873 1141 2905; x_wconf 71' lang='lat' dir='ltr'>mone,</span> 
     </span>
     <span class='ocr_line' id='line_1_47' title="bbox 416 2915 1165 2974; baseline -0.009 -14"><span class='ocrx_word' id='word_1_277' title='bbox 416 2920 508 2960; x_wconf 81' lang='lat' dir='ltr'>Illud</span> <span class='ocrx_word' id='word_1_278' title='bbox 529 2934 598 2974; x_wconf 85' lang='lat' dir='ltr'>ego</span> <span class='ocrx_word' id='word_1_279' title='bbox 612 2918 754 2973; x_wconf 54' lang='lat' dir='ltr'>legique</span> <span class='ocrx_word' id='word_1_280' title='bbox 767 2919 845 2965; x_wconf 86' lang='lat' dir='ltr'>illis,</span> <span class='ocrx_word' id='word_1_281' title='bbox 857 2917 998 2972; x_wconf 65' lang='lat' dir='ltr'>fecicjue</span> <span class='ocrx_word' id='word_1_282' title='bbox 1012 2915 1165 2971; x_wconf 82' lang='lat' dir='ltr'>probari.</span> 
     </span>
     <span class='ocr_line' id='line_1_48' title="bbox 474 2972 1134 3017; baseline -0.006 -1"><span class='ocrx_word' id='word_1_283' title='bbox 474 2981 635 3017; x_wconf 89' lang='lat' dir='ltr'>Tantum</span> <span class='ocrx_word' id='word_1_284' title='bbox 646 2975 707 3015; x_wconf 78' lang='lat' dir='ltr'>ista</span> <span class='ocrx_word' id='word_1_285' title='bbox 720 2974 803 3015; x_wconf 85' lang='lat' dir='ltr'>felix</span> <span class='ocrx_word' id='word_1_286' title='bbox 814 2973 889 3015; x_wconf 86' lang='lat' dir='ltr'>vsus</span> <span class='ocrx_word' id='word_1_287' title='bbox 899 2976 937 3014; x_wconf 89' lang='lat' dir='ltr'>in</span> <span class='ocrx_word' id='word_1_288' title='bbox 947 2986 1019 3014; x_wconf 77' lang='lat' dir='ltr'>arte</span> <span class='ocrx_word' id='word_1_289' title='bbox 1029 2972 1134 3013; x_wconf 86' lang='lat' dir='ltr'>valet.</span> 
     </span>
     <span class='ocr_line' id='line_1_49' title="bbox 1078 3027 1453 3074; baseline -0.005 -9"><span class='ocrx_word' id='word_1_290' title='bbox 1078 3040 1112 3065; x_wconf 84' lang='lat' dir='ltr'>cc</span> <span class='ocrx_word' id='word_1_291' title='bbox 1138 3027 1159 3074; x_wconf 75' lang='lat' dir='ltr'>ij</span> <span class='ocrx_word' id='word_1_292' title='bbox 1401 3028 1453 3064; x_wconf 80' lang='lat' dir='ltr'>Sic</span> 
     </span>
    </p>
   </div>
  </div>
 </body>
</html>
