2472 3506
387 713 656 763 SERIES
709 714 986 763 EORVM
1041 715 1234 774 QVAE
1286 717 1463 764 HOC
1514 716 1761 764 LIBRO

737 807 1417 846 CONTINENTVR.

349 897 412 942 C.
422 893 515 957 Iulij
531 892 706 943 Caesaris
718 894 1001 945 numismata.

347 963 533 1022 Bruti,&
545 961 693 1028 Caffij,
705 962 987 1030 aliorumZJue
1000 961 1175 1013 Caesaris
1188 963 1502 1033 percussorum,
1513 971 1555 1014 ἃ·
1567 967 1762 1016 coniura-

467 1044 620 1077 torum
632 1028 914 1079 numismata.

342 1095 609 1161 MAEmilij
624 1096 781 1163 Lepidi
795 1094 1075 1147 numismata.

340 1164 604 1225 M.Antonij
624 1162 904 1212 numismata.

342 1232 401 1277 C.
413 1228 505 1291 Iulij
519 1228 693 1279 Caesaris
706 1233 795 1279 vita
808 1239 850 1280 δε
861 1249 922 1280 res
932 1231 1070 1299 gestae.

342 1296 692 1362 Compendiaria
705 1315 863 1346 eorum
913 1316 980 1347 uae
992 1299 1015 1346 a
1027 1296 1136 1347 caede
1154 1297 1248 1362 Iulij
1260 1297 1451 1361 Caesaris,
1461 1300 1595 1369 Vsque
1605 1300 1659 1350 ad

460 1366 821 1413 Triumuiratum
831 1383 883 1433 ge
922 1384 947 1414 a
958 1366 1072 1428 sunt,
1083 1369 1283 1414 narratio,

340 1429 501 1492 C.Iulij
515 1429 690 1480 Caesaris
707 1433 970 1500 genealogia.

337 1497 578 1559 Fastorum,
589 1499 940 1566 magistratuum,
954 1507 998 1549 ὅτ.
1009 1499 1341 1567 triumphorum
1353 1504 1438 1550 Ro.
1447 1519 1557 1569 pars,
1568 1519 1668 1571 quae
1678 1500 1734 1552 ad

455 1579 657 1632 tempora
669 1566 762 1627 lulij
775 1564 951 1615 Caesaris
964 1570 1162 1633 pertinet.

334 1634 384 1679 In
397 1629 570 1700 aliquot
579 1633 826 1681 eorundem
844 1633 1070 1682 Fastorum
1083 1634 1200 1681 locos
1212 1633 1623 1683 animaduerfiones.

334 1701 563 1747 Notarum
578 1707 619 1746 δι
630 1699 869 1748 litterarum
884 1699 1185 1770 fingularium,
1194 1701 1475 1769 aliorumCJue
1487 1701 1775 1769 compendio-

453 1763 536 1813 fius
550 1764 806 1832 striptorum
827 1767 1064 1833 explicatio.

336 1832 611 1880 Dietionum
624 1837 873 1882 Graecarum
885 1838 931 1881 in
943 1832 1284 1883 numismatibus
1297 1837 1621 1884 occurrentium
1633 1838 1762 1884 inter-

463 1902 660 1965 pretatio.

333 1965 475 2015 Tituli
487 1963 661 2014 Caesaris
672 1968 791 2032 varij,
800 1969 878 2035 qui
891 1966 1088 2034 pluribus
1100 1971 1144 2015 in
1160 1971 1361 2016 nummis
1372 1967 1549 2017 diuifim
1560 1968 1779 2036 leguntur.

331 2037 470 2082 Partes
484 2032 809 2082 numismatum
819 2033 1070 2095 auersae‚suis
1084 2053 1272 2103 quaeque
1287 2036 1494 2103 capitibus
1516 2036 1744 2085 attributae.

331 2100 466 2149 Index
477 2118 624 2148 rerum
638 2101 1017 2161 memorabilium,
1029 2110 1071 2150 &
1081 2105 1362 2170 propriorum
1376 2107 1636 2166 nominum,
1645 2122 1745 2172 quae

458 2169 504 2214 in
519 2165 617 2233 ipsis
637 2167 979 2217 numismatibus
991 2169 1251 2235 spectantur.

331 2233 466 2282 Index
478 2252 753 2303 eorum,quae
765 2238 811 2283 in
823 2235 992 2305 reliquo
1003 2255 1133 2304 opere
1146 2253 1400 2285 memoratu
1416 2245 1458 2285 ὃς
1471 2235 1773 2286 obseruatione

457 2299 589 2368 digna
601 2300 817 2369 leguntur.
1485 2312 1488 2319 “
1819 2318 1825 2321 ’

330 2367 521 2436 Epistola
532 2367 586 2415 ad
598 2386 686 2430 eos,
696 2387 895 2437 quorum
913 2388 1044 2436 opera
1057 2378 1099 2418 &
1117 2369 1261 2426 studio
1273 2373 1429 2418 auctor
1440 2370 1478 2418 se
1489 2370 1693 2419 adiutum

455 2434 662 2502 agnoscit,
671 2437 776 2485 cum
787 2437 1034 2486 eorundem
1047 2437 1379 2487 nomenclatura
1393 2445 1435 2487 ὅ(
1446 2438 1655 2507 catalogo.

1471 2601 1539 2660 aij
