2472 3506
1013 426 1226 464 Praeteream
1237 418 1406 476 prudens,
1421 432 1583 462 extremo
1595 420 1633 458 in
1644 418 1807 474 margine
1817 432 1894 473 quae
1903 416 1983 457 sunt

1073 481 1147 520 Hic
1158 479 1223 519 sita
1236 478 1433 519 caelicolfim
1443 479 1595 518 numina
1604 476 1689 516 bina
1699 475 1856 516 Deum?

1014 539 1066 577 Hi
1071 553 1118 576 nc
1128 536 1330 585 Mars,inde
1338 536 1589 584 Venu5,veluti
1598 534 1702 575 Vrbis
1712 548 1862 589 vterque
1869 546 2047 590 parentes,

1072 599 1119 634 Et
1132 610 1288 650 quorum
1299 593 1441 650 semper
1450 595 1601 633 numine
1610 606 1689 631 tuta
1701 591 1789 633 fuit:

1012 655 1113 692 Mars
1134 666 1237 708 patei·
1246 651 1380 692 infestis
1392 650 1697 708 praeformldabilis
1709 651 1826 695 armis,

1074 709 1228 765 Ipfiicjue
1239 726 1322 750 cum
1359 726 1447 750 uero
1459 722 1615 765 praepete
1625 707 1720 746 nuda
1730 710 1870 754 Venus,

1011 769 1123 807 Hanc
1133 768 1261 823 procul
1272 726 1465 807 obsgruant
1474 767 1605 813 oculis,
1621 766 1777 820 curacjue
1787 763 1898 813 fideli,

1068 824 1303 881 Praesenticjue
1313 838 1460 881 augent,
1474 837 1584 879 atque
1595 836 1741 862 tuentur
1751 837 1836 877 ope.

1011 883 1185 938 Qaecjue
1196 885 1305 923 etiam
1315 883 1383 922 lat&
1393 884 1555 938 geminas
1568 880 1700 936 Aquila
1711 880 1803 935 expli
1810 894 1867 919 cat
1877 880 1959 927 alas,

1068 943 1168 996 Qae
1178 939 1268 981 solet
1278 956 1375 979 arma
1387 941 1482 987 Ioui,
1494 939 1550 979 hic
1564 938 1721 979 Romula
1731 936 1756 976 fi
1759 953 1832 993 gna
1842 937 1963 986 refert,

1007 996 1195 1054 Infignem
1206 999 1317 1038 veluti
1329 1000 1450 1037 viam<
1459 996 1565 1052 super
1573 997 1644 1036 alta
1654 995 1880 1051 triumphum

1063 1055 1202 1095 Nubila
1211 1054 1365 1111 depulsis
1377 1055 1536 1094 hostibus
1547 1054 1718 1109 vndique,
1732 1066 1829 1109 agat.

1005 1112 1099 1152 Inde
1109 1113 1219 1161 vides,
1231 1113 1327 1153 bello
1341 1110 1458 1152 Caessr
1468 1128 1559 1169 quos
1570 1113 1699 1152 w‘cerit
1708 1110 1842 1159 hostes,

1064 1171 1249 1226 Qascjue
1268 1172 1372 1210 armis
1382 1184 1510 1226 gentes
1521 1170 1673 1209 fortibus
1686 1170 1836 1208 exuerit.

1003 1227 1199 1267 Debellata
1207 1226 1317 1276 sedet,
1329 1226 1621 1284 lachiymosacjue
1632 1226 1725 1267 bella
1734 1225 1874 1281 peross,

1059 1288 1184 1342 Atque
1195 1285 1418 1342 tn'umphato
1430 1285 1550 1325 Gallia
1558 1284 1682 1325 moesta
1693 1287 1815 1323 Duce.

1000 1342 1066 1383 Illa
1078 1345 1188 1384 etiam
1199 1343 1303 1384 Orbe
1313 1343 1440 1392 procul
1450 1342 1589 1383 semota
1599 1343 1786 1382 Britannia
1796 1340 1920 1381 nostro

1060 1399 1242 1457 Depreffo
1254 1393 1374 1458 cafiite
1383 1401 1444 1441 hic
1453 1401 1565 1441 tn'stia
1573 1401 1646 1440 fata
1656 1399 1784 1456 gemit.

998 1459 1165 1514 Vtraque
1175 1461 1266 1499 vista
1278 1459 1392 1507 dolet,
1405 1457 1600 1515 spolijsq'ue
1611 1472 1729 1506 exuta,
1742 1456 1893 1512 suasque

1055 1519 1226 1572 Ingemit,
1241 1517 1325 1565 heu,
1333 1517 1436 1556 duras
1450 1515 1513 1555 sub
1528 1519 1612 1572 iuga
1626 1515 1725 1555 missa
1738 1517 1847 1555 vices.

995 1574 1262 1629 Oceanumcjue
1272 1589 1412 1629 patrem
1424 1588 1528 1630 tergo
1540 1574 1595 1613 hic
1604 1573 1704 1614 vehit
1715 1572 1860 1612 horrida
1871 1570 2008 1620 Pistrix,

1049 1633 1151 1670 Dum
1161 1629 1344 1687 suspensus
1360 1633 1461 1687 aquis
1476 1633 1558 1671 ocia
1572 1647 1690 1670 remus
1705 1630 1792 1686 agit.

989 1691 1038 1728 Et
1047 1687 1196 1728 famulas
1206 1689 1385 1729 submittit
1395 1704 1515 1745 aquas,
1530 1689 1691 1744 Aquilaeq
1695 1704 1740 1728 ue
1751 1686 1938 1735 ministras,

1050 1749 1106 1785 Ac
1124 1744 1160 1786 se
1174 1752 1346 1787 Romano
1356 1745 1498 1797 subijcit
1510 1748 1680 1802 imperio.

991 1803 1067 1842 Hic
1077 1808 1201 1859 Tagus
1212 1803 1838 1858 aurifluus,Rhodanus,Rhenusque
1848 1801 2029 1853 bicornes,

1046 1861 1318 1918 Flexiuagocjue
1326 1863 1432 1918 piger
1447 1863 1590 1901 tramite
1602 1860 1717 1917 lapsus
1729 1864 1828 1907 Arar,

990 1917 1215 1974 Schaldaq'ue
1225 1921 1462 1976 magnanimis
1476 1919 1667 1975 Belgarum
1684 1917 1813 1957 nobilis
1826 1919 1911 1966 oris,

1044 1979 1170 2032 Atque
1182 1977 1310 2032 parum
1325 1989 1418 2016 noto
1435 1980 1586 2016 nomine
1601 1975 1703 2015 turba
1716 1977 1848 2022 minor,

985 2033 1208 2090 Vistricicjue
1218 2035 1366 2090 Aquilae,
1379 2040 1417 2074 &
1426 2032 1538 2074 Tusci
1553 2050 1651 2074 nunc
1665 2033 1831 2088 Tybridis
1842 2032 1945 2073 vndis

1042 2089 1117 2130 ΑΠ’
1108 2107 1251 2149 urgunt,
1265 2092 1412 2132 domitis
1426 2098 1463 2132 &
1471 2092 1689 2132 famulantur
1698 2093 1812 2146 aquis.

985 2147 1135 2205 Singula
1147 2166 1224 2206 quae
1233 2163 1409 2199 veterum,
1424 2154 1566 2198 Leetor,
1581 2149 1646 2188 tibi
1656 2148 1838 2188 schemate
1851 2163 1967 2205 prima

1041 2210 1179 2249 Fronte
1191 2207 1271 2248 libri
1287 2208 1458 2265 graphice*
1471 2209 1567 2264 pista
1581 2207 1711 2248 tabella
1728 2206 1841 2247 dedit.

1272 2328 1707 2385 EIVSDEM.

978 2444 1078 2485 Affls
1089 2441 1229 2483 bissenis
1241 2456 1296 2484 ter
1305 2444 1468 2499 quinque
1477 2441 1521 2481 ad
1530 2439 1650 2481 saecula
1659 2441 1786 2489 lustris,

1039 2503 1215 2557 Cumque
1225 2499 1379 2541 secunda
1389 2501 1473 2557 gelu
1485 2515 1551 2538 nos
1562 2501 1679 2555 grauis
1691 2513 1792 2554 vrget
1803 2497 1940 2553 hyems,

974 2559 1148 2599 Prodibat
1167 2568 1193 2597 G
1205 2570 1233 2599 Ο
1242 2569 1265 2598 L
1274 2567 1300 2597 T
1311 2569 1364 2598 ΖΙ
1385 2559 1516 2613 Brugis
1539 2572 1661 2612 opera,
1675 2570 1784 2611 atque
1793 2556 1930 2606 labore,

1034 2626 1092 2656 LA
1101 2627 1129 2657 V
1143 2628 1174 2657 R
1184 2627 1195 2655 1
1208 2627 1238 2657 N
1252 2626 1264 2655 1
1285 2615 1416 2666 studio,
1429 2631 1472 2656 ac
1481 2611 1691 2670 sumptibus,
1705 2614 1797 2653 istud
1808 2629 1915 2670 opus.
