2364 3511
523 279 600 319 178
948 279 998 308 n.
1035 277 1103 306 ET
1137 274 1416 315 MBRVTJ,
1455 261 1817 309 cAssn'QET
2319 299 2323 317 Σ

516 345 605 370 teras
626 331 694 370 hac
715 329 760 369 dc
779 343 817 368 re
836 332 990 369 Romam
1004 327 1048 366 ad
1065 330 1235 366 Senatum
1256 326 1370 364 mittit
1387 339 1394 362 :
1413 323 1557 362 interim
1571 317 1606 360 se
1626 324 1662 358 δε
1681 319 1878 359 exercitum
1895 317 2042 356 Senatui
2056 316 2206 373 permit·
2236 333 2270 370 A

244 410 283 430 iu.
295 409 309 429 n
321 408 369 428 av
379 409 399 428 τ
410 408 453 427 vs
518 402 595 428 tens
608 418 619 429 .
653 390 752 426 Hinc
773 386 975 426 collaudato
995 385 1187 439 imperium
1201 385 1238 422 in
1249 397 1375 422 omnes
1388 381 1461 419 illas
1473 379 1677 436 prouincias
1692 374 1945 416 confirmatum
1956 374 2007 415 est
2017 405 2027 414 .
2045 375 2150 415 Vnde
2167 378 2207 415 in

241 457 456 479 ¹MPERA'1'OS·
516 445 614 500 spem
630 445 798 483 adductus
814 448 943 483 Brutus
958 441 989 481 st:
1006 437 1179 480 Caesarem
1193 455 1342 495 quoque
1354 437 1416 477 fibi
1432 437 1679 477 deuinsturum
1689 466 1700 482 ,
1714 434 1776 489 qui
1792 438 1829 472 &
1841 431 1917 489 ipse
1930 434 2095 472 Antonio
2109 435 2207 490 aeque

517 501 671 542 infensus
686 514 778 548 erat,
795 499 930 556 scriptis
953 505 989 538 δι
1008 499 1052 537 ad
1070 494 1183 553 ipsum
1200 498 1348 544 litteris,
1362 497 1412 536 vti
1428 495 1629 535 Antonium
1650 506 1883 532 communem
1901 492 2090 530 inimicum
2109 492 2206 532 bello

518 558 677 615 persequi
693 573 879 614 pergeret,
900 563 936 596 ὅ(
955 555 1075 596 secum
1089 558 1127 593 in
1146 556 1297 610 gratiam
1315 553 1447 593 rediret
1462 549 1671 608 persuadere
1685 562 1835 589 conatus
1856 548 1927 588 est.
1962 547 2031 588 Sed
2051 551 2207 606 cognito

517 617 644 673 postca
657 615 830 655 Caesarem
845 614 978 654 summa
990 628 1106 652 rerum
1117 627 1228 666 penes
1238 610 1270 650 se
1285 610 1457 650 existente
1470 609 1512 648 de
1525 607 1740 648 vindicanda
1752 608 1859 662 patris
1875 605 1968 645 caede
1982 604 2129 647 confilia
2144 623 2205 647 ce·

518 673 629 729 pisse,
644 672 805 729 depolita
819 671 1125 712 reconciliationis
1140 667 1218 725 spe,
1230 668 1361 708 bellum
1379 669 1487 707 etiam
1506 668 1646 723 grauius
1667 663 1729 704 fibi
1749 663 1878 705 instare
1896 664 2093 705 intellexit:
2107 663 2210 711 seda-

520 734 628 786 tat‘jue
639 730 813 771 seditione
824 745 930 784 quam
944 728 1178 768 C.Antonius
1193 726 1278 765 dum
1293 727 1484 765 Brutianos
1494 724 1538 763 ad
1549 723 1792 763 defectionem
1805 718 1982 770 ibllicitat,
1998 723 2036 761 in
2048 725 2210 763 exercitu

520 787 624 844 ipsius
637 801 811 834 mouerat,
828 784 942 842 ipsocj;
958 787 1120 825 Antonio
1135 784 1336 840 Apolloniae
1350 780 1468 834 inscijs
1478 781 1651 821 militibus
1664 780 1843 828 rehem&
1856 779 2055 819 C.cuidam
2068 781 2211 820 Clodio

519 848 559 885 in
576 845 772 885 custodiam
786 844 930 892 tradito,
939 845 981 883 εὖ
995 839 1201 882 validissima
1212 842 1386 881 exercitus
1398 838 1448 879 sui
1459 853 1560 895 parte
1575 840 1613 878 in
1626 839 1836 878 interiorem
1851 835 2214 887 Macedoniam,inde

521 908 559 942 in
574 902 689 942 Asiam
703 899 960 957 proficiscitur:
976 906 1011 939 δε
1026 899 1112 939 dum
1125 900 1253 939 auxilia
1266 898 1415 937 subinde
1429 912 1645 952 quacunque
1658 892 1879 944 tranfibat,&
1889 896 2060 950 pecunias
2070 910 2213 936 contra-

521 960 589 1008 hit,
602 959 733 1011 infidijs
746 961 764 998 a
779 964 818 998 Lv
829 960 951 999 Gellio
968 958 1151 1013 Poplicola
1166 958 1298 1013 petitus
1314 955 1385 1003 est,
1398 955 1533 1010 alioqui
1547 952 1609 993 fibi
1625 951 1835 994 amiciffirno
1850 967 1857 991 :
1872 954 1922 992 vti
1938 957 1974 991 &
1986 952 2095 993 frater
2105 952 2212 1010 ipsius

523 1018 618 1058 Gelli
619 1034 632 1070 J
648 1016 872 1057 M.Meffalla
885 1021 918 1055 C
924 1013 1007 1054 assio
1021 1030 1092 1055 erat
1105 1011 1421 1055 coniuneciffimus:
1433 1015 1489 1052 cui
1499 1010 1564 1068 ipfi
1576 1011 1673 1051 idem
1685 1011 1824 1051 Gellius
1835 1009 1960 1065 postea
1971 1012 2118 1051 exitium
2129 1027 2212 1052 mo·
2242 1009 2274 1048 B

522 1076 604 1115 litus
625 1074 674 1115 est
687 1091 693 1113 :
708 1072 765 1114 sed
782 1074 916 1113 indicio
936 1072 1137 1112 infidiarum
1152 1074 1171 1112 a
1185 1072 1377 1128 Poplicolae
1395 1084 1510 1110 matre
1527 1068 1651 1108 Cassio
1670 1068 1778 1117 fast0,
1790 1069 1894 1107 matri
1905 1069 1942 1106 in
1956 1071 2136 1124 praemium
2148 1069 2215 1110 de-

523 1137 694 1172 testarum
709 1130 911 1171 insidiarum
928 1132 1167 1178 condonatus,
1180 1131 1199 1169 a
1211 1128 1276 1169 suis
1290 1127 1575 1169 benefastoribus
1590 1126 1635 1166 ad
1651 1124 1827 1166 Caessrem
1845 1130 1881 1165 δε
1897 1128 2097 1166 Antonium
2115 1127 2216 1168 defe-

525 1192 576 1230 cit
588 1220 596 1229 .
643 1187 822 1229 Submisfis
842 1203 962 1229 autem
977 1189 992 1227 a
1011 1192 1065 1227 M.
1080 1191 1245 1228 Antonio
1261 1189 1321 1243 qui
1339 1187 1474 1226 Caium
1487 1184 1631 1224 fratrem
1645 1186 1662 1223 ἐ
1678 1183 1839 1223 custodia
1850 1185 2037 1239 eriperent,
2053 1188 2104 1224 C.
2117 1186 2215 1225 Clo-

526 1247 604 1286 dius
617 1245 689 1286 siue
702 1248 849 1303 proprio
863 1245 1026 1293 confilio,
1039 1244 1110 1285 liue
1120 1243 1209 1284 iussu
1221 1249 1334 1292 Bruti,
1352 1245 1550 1283 Antonium
1563 1241 1719 1282 interfici
1733 1238 1825 1280 iussit
1837 1270 1847 1280 .
1881 1245 2011 1281 Brutus
2022 1255 2143 1283 autem
2156 1246 2215 1283 in·-

527 1305 674 1344 telleetis
689 1309 745 1343 M.
758 1306 908 1354 Antonij
923 1304 1119 1351 conatibus,
1134 1309 1169 1342 &
1181 1302 1273 1342 caede
1286 1306 1335 1341 C.
1350 1302 1514 1351 Antonij,
1527 1315 1645 1339 nouos
1660 1313 1824 1339 metuens
1838 1299 2021 1348 turnultus,
2034 1300 2154 1340 relieta
2164 1309 2215 1342 A·

254 1379 293 1400 Μ.
305 1378 322 1398 n
332 1377 351 1397 x
362 1376 383 1396 v
390 1377 411 1396 τ
420 1376 464 1397 vs
528 1360 587 1409 fia,
602 1366 785 1416 Europam
804 1361 1068 1416 quamprimum
1086 1362 1229 1416 repetth
1243 1376 1251 1398 ε
1265 1358 1477 1414 receptaque
1490 1373 1531 1396 ex
1542 1355 1672 1396 itinere
1686 1354 1872 1397 Bessorum
1889 1358 2038 1413 regione
2052 1361 2215 1414 Impera·
2246 1392 2249 1397 .

253 1425 466 1449 inuitauit.
529 1420 615 1458 toris
630 1434 761 1457 nomen
776 1421 917 1473 accepit
928 1449 936 1458 .
958 1418 1267 1474 confugientecffue
1280 1432 1342 1472 per
1354 1415 1391 1454 id
1402 1430 1543 1471 tempus
1554 1415 1599 1454 ad
1609 1412 1722 1470 ipsum
1734 1415 1997 1455 Polemocratia
2007 1416 2137 1472 Reguli
2149 1432 2217 1456 cu-

528 1474 662 1516 iustlam
676 1491 797 1523 vxore,
812 1492 886 1531 quat
901 1475 1021 1515 occiso
1037 1476 1081 1514 ab
1095 1475 1253 1514 hostibus
1267 1476 1411 1522 marit0,
1426 1471 1540 1512 filium
1554 1470 1652 1512 suum
1667 1488 1830 1528 puerum,
1845 1474 1901 1512 cui
1913 1471 1957 1511 ab
1967 1470 2089 1524 ijfflem
2100 1473 2217 1514 hosti-

528 1534 591 1572 bus
603 1533 837 1581 metuebat,in
851 1532 959 1573 fidem
973 1531 1078 1588 ipfius
1096 1549 1174 1572 cum
1187 1530 1345 1573 vniuerst)
1357 1529 1519 1571 theffiuro
1531 1529 1695 1570 tradidit:
1711 1530 1930 1585 inuentadue
1945 1530 2076 1571 eodem
2088 1533 2127 1571 iu
2137 1531 2218 1572 the-

527 1589 628 1630 sauro
641 1593 795 1630 maxima
812 1593 885 1630 auri
901 1593 1110 1646 argentique
1125 1593 1249 1646 copia,
1263 1590 1454 1646 pecuniam
1470 1604 1511 1629 ex
1527 1604 1567 1628 ea
1579 1586 1743 1644 signauit,
1755 1589 1899 1644 propria
1912 1590 2070 1645 imagine
2083 1587 2217 1630 numiss

529 1651 617 1688 mati
634 1646 810 1703 impreffi,
827 1649 1024 1704 additoque
1043 1665 1123 1688 cum
1137 1648 1277 1687 duobus
1291 1646 1510 1703 pugionibus
1523 1647 1618 1701 pileo
1629 1678 1640 1694 ‚
1651 1648 1687 1685 in
1702 1660 1951 1702 argumentum
1964 1647 2137 1688 libertatis
2156 1645 2216 1689 sua

254 1736 272 1757 n
283 1734 380 1756 avrx
398 1730 464 1752 Nv-
530 1712 567 1745 δέ
585 1704 695 1757 Casfij
717 1722 827 1762 opera
846 1706 1063 1762 Reipublicae
1080 1706 1243 1745 restitutae
1259 1704 1397 1744 Caesare
1413 1703 1602 1743 interfecto
1615 1734 1624 1743 .
1650 1708 1698 1744 Et
1711 1704 1785 1744 hacc
1799 1704 1945 1759 quidem
1959 1708 1978 1744 a
1990 1709 2103 1745 Bruto
2115 1705 2216 1762 gesta

283 1785 309 1805 M
320 1785 331 1804 i
345 1782 358 1803 s
368 1780 433 1802 ma.
529 1762 607 1803 sunt
622 1794 630 1802 .
744 1762 886 1802 Casiius
907 1778 1028 1803 autem
1050 1762 1201 1803 cess‘ante
1221 1763 1424 1810 Dolabella,
1437 1761 1610 1817 rebuscjue
1624 1762 1707 1801 alibi
1720 1763 1885 1818 gerendis
1899 1763 2056 1813 intento,
2068 1765 2216 1819 priorin

532 1823 664 1875 Syriam
679 1835 845 1861 venerat:
864 1819 1084 1877 sumptisque
1096 1822 1329 1877 imperatorijs
1348 1818 1544 1876 insignibus
1562 1820 1723 1874 legiones
1744 1835 1937 1869 veteranas,
1953 1836 2028 1876 quae
2047 1822 2135 1862 olim
2152 1819 2217 1860 sub

532 1877 668 1919 Caesare
681 1893 893 1927 meruerant,
906 1880 955 1918 ibi
969 1880 1132 1926 inuentas
1143 1882 1316 1935 (quarum
1326 1879 1400 1930 alijs
1412 1882 1492 1918 Sex.
1506 1878 1613 1917 Iulius
1629 1878 1647 1916 a
1664 1875 1795 1917 Caesare
1806 1877 2064 1919 decedenteibi
2073 1879 2215 1919 relictus

529 1952 610 1976 cum
626 1937 768 1976 Cecilio
783 1934 886 1975 Basso
902 1937 1133 1991 praeerat,alijs
1149 1938 1327 1987 usuarius
1339 1939 1500 1984 Murcus,
1512 1931 1718 1990 quibusdam
1734 1938 1841 1976 etiam
1858 1937 2098 1977 MMjnutius
2115 1933 2213 1977 Cris-

529 1999 618 2048 pus)
630 1992 849 2033 sacramento
863 1992 925 2032 suo
940 1994 1073 2050 adegit:
1083 1994 1265 2050 receptatj;
1279 1991 1436 2034 vniuersa
1451 1994 1591 2047 Syriain
1604 1992 1756 2032 Iudaeam
1770 1991 2004 2049 transgreffiis,
2018 1994 2230 2051 eademque.

530 2053 681 2090 minimo
693 2053 851 2106 negocio
863 2052 879 2089 a
892 2050 925 2091 se
940 2066 1130 2108 occupata,
1142 2052 1276 2091 litteras
1293 2057 1328 2090 &
1346 2053 1374 2090 is
1393 2050 1437 2089 ad
1452 2046 1623 2090 Caesarem
1639 2051 1683 2090 de
1693 2050 1854 2090 reditum
1865 2053 2016 2107 gratiam
2033 2057 2070 2092 δε
2081 2068 2215 2109 recon-

533 2110 712 2147 ciliatione
727 2140 734 2151 .
748 2114 783 2147 δε
798 2108 841 2147 ad
857 2112 1026 2148 Senatum
1043 2110 1087 2149 de
1101 2108 1204 2149 r'ebus
1216 2110 1235 2147 a
1246 2107 1278 2147 se
1292 2108 1394 2164 gestis
1404 2140 1414 2156 ,
1427 2110 1478 2148 vti
1493 2112 1622 2159 Brutus
1635 2110 1706 2147 iam
1716 2122 1818 2148 antea
1826 2108 1970 2157 fecerat,
1982 2112 2109 2150 mittit:
2119 2126 2216 2152 acce-

532 2167 673 2221 ptistjue
687 2165 806 2216 ijsdem
819 2182 894 2221 quae
910 2170 1038 2206 Brutus
1054 2166 1094 2205 de
1109 2165 1242 2206 Caesare
1255 2168 1400 2218 nuntijs,
1413 2167 1601 2221 imperium
1619 2164 1682 2221 ipsi
1697 2167 1746 2206 vti
1761 2171 1797 2205 &
1814 2167 1909 2222 prius
1922 2171 2035 2207 Bruto
2048 2168 2065 2207 a
2080 2171 2217 2209 Senatu
2270 2177 2282 2192 ·

532 2223 781 2262 confirmatum
798 2224 858 2271 est,
872 2224 1075 2280 bellumtjue
1090 2238 1212 2264 contra
1226 2223 1466 2272 Dolabellam,
1481 2224 1542 2279 qui
1556 2223 1603 2261 ob
1616 2223 1842 2263 Trebonium
1857 2228 2008 2280 Smyrnae
2018 2224 2135 2266 caesum
2145 2226 2217 2266 ho-

531 2280 588 2320 stis
602 2281 773 2320 iudicatus
793 2281 918 2329 fuerat,
936 2282 1116 2322 decretum
1131 2312 1140 2322 .
1179 2281 1371 2321 Dolabella
1391 2294 1510 2320 autem
1530 2281 1712 2320 intellecto
1724 2283 1795 2321 iam
1808 2282 1889 2321 ante
1909 2281 2219 2324 Senatustonsulto

511 2359 513 2361 ·
531 2352 652 2378 contra
664 2337 692 2376 st
705 2339 810 2386 fatto,
825 2340 936 2378 dilato
950 2341 1048 2394 Syriae
1057 2338 1222 2379 adeunda:
1230 2355 1296 2394 pro
1300 2338 1376 2395 pofi
1381 2353 1432 2387 to,
1444 2340 1482 2377 in
1493 2337 1574 2391 Asia
1584 2354 1765 2379 remanere
1777 2339 2001 2380 constituerat
2013 2356 2021 2380 ι
2032 2357 2103 2397 qua
2113 2357 2217 2382 occu·
2247 2363 2288 2401 D

531 2409 613 2450 pata
630 2401 665 2434 &
680 2394 774 2435 class‘c
789 2413 851 2451 per
864 2402 906 2437 L.
921 2397 1085 2453 Figulum
1099 2399 1117 2436 a
1131 2396 1292 2449 Rhodijs,
1309 2399 1433 2452 Lycijs,
1449 2396 1664 2452 Pamphilijs,
1679 2396 1927 2452 Cilicibustjue
1944 2399 2111 2440 mercede
2125 2415 2218 2440 con·
2262 2414 2267 2417 ’

532 2453 634 2490 dueta
650 2467 708 2508 atq
714 2470 758 2493 ue
769 2468 939 2509 apparatu
951 2455 1080 2494 bellico
1091 2454 1381 2510 instrusta‚eacjue
1393 2470 1456 2510 per
1468 2453 1679 2509 L.F1gulum
1689 2456 1726 2493 in
1737 2456 1869 2508 Syriam
1879 2454 2135 2512 praemiffi,ipse
2145 2471 2220 2497 ter-

532 2509 624 2548 restri
637 2512 765 2549 itinere
775 2512 811 2549 in
830 2513 999 2551 Ciliciam
1011 2510 1191 2560 transiens,
1204 2510 1355 2552 Tarsum
1371 2509 1497 2552 Caesan'
1509 2510 1609 2550 belhs
1622 2509 1858 2566 superioribus
1876 2511 1985 2552 fidam
2002 2514 2094 2554 vlttt'>
2106 2512 2142 2555 se
2153 2515 2221 2556 de-

532 2566 678 2606 dentem
697 2571 846 2623 recepit:
863 2568 1040 2625 pulsisque
1054 2568 1214 2625 praefidijs
1231 2567 1406 2609 Caffianis
1421 2584 1496 2624 quae
1508 2570 1626 2624 AEgis
1643 2583 1752 2617 erant,
1769 2571 1900 2624 Syriam
1915 2568 2042 2610 inuafit
2053 2602 2064 2612 .
2088 2572 2159 2614 Sed
2172 2573 2218 2612 ab

532 2624 729 2663 Antiochia
743 2625 925 2680 depulsus,
944 2629 1158 2668 Laodiceam
1178 2630 1215 2666 in
1236 2626 1419 2683 peninsula
1437 2625 1538 2665 fitam
1559 2628 1772 2681 occupauit,
1792 2626 2089 2678 Lzmdicenfibus,
2103 2631 2166 2685 qui
2180 2635 2220 2670 δε

531 2678 595 2733 ipfi
607 2697 753 2736 quoque
767 2682 909 2722 Caesaiis
923 2685 1024 2724 rebus
1039 2685 1396 2732 faucrant‚dcditione
1406 2683 1534 2739 sponte
1545 2681 1683 2730 saetas&
1696 2682 1800 2739 ipfius
1814 2683 1896 2725 fidei
1911 2687 2214 2740 permittentibus.

534 2739 708 2792 Dumque
721 2740 739 2777 a
754 2741 931 2780 Laodicea
952 2758 1033 2782 cum
1054 2742 1154 2782 classe
1173 2742 1331 2782 Aradum
1351 2745 1506 2793 traijcerc
1523 2755 1644 2796 parat,
1664 2739 1820 2780 Cassioe
1837 2742 2010 2782 Palestina
2022 2749 2218 2787 reuertenti

533 2794 677 2833 obuiam
694 2812 774 2835 cum
791 2813 945 2837 exercitu
965 2799 1073 2838 fastus
1086 2833 1096 2848 ,
1113 2801 1301 2855 naualique
1315 2800 1431 2855 praelio
1445 2797 1624 2853 superatus
1634 2830 1645 2847 ,
1663 2799 1881 2839 Laodiceam
1895 2799 2059 2856 refugere
2073 2807 2217 2844 coa-stus

532 2852 594 2891 est.
622 2853 689 2892 Vbi
703 2854 721 2891 εὶ
737 2852 859 2893 Caffio
875 2855 1027 2896 obsessus
1043 2857 1258 2913 aliquandiu,
1273 2856 1462 2912 saepiusque
1475 2857 1493 2894 a
1506 2870 1597 2895 terra
1610 2853 1851 2912 oppugnatus,
1863 2858 2006 2912 aliocjue
2019 2860 2136 2914 praelio
2152 2876 2216 2900 na-

531 2910 600 2948 uali
612 2908 718 2949 semel
734 2925 839 2966 atquc
852 2914 981 2952 iterum
998 2913 1206 2963 commisso,
1223 2915 1338 2970 primo
1353 2914 1500 2969 quidem
1514 2913 1624 2952 dubio
1641 2917 1772 2962 Marte,
1789 2914 1902 2954 altero
1917 2914 2118 2966 infeliciter,
2135 2929 2218 2957 tan*-

530 2967 612 3006 dem
627 2967 807 3009 obstructis
822 2971 838 3009 εὶ
851 2974 892 3011 L,
912 2974 1026 3012 Statio
1041 2976 1196 3024 Murco,
1211 2974 1273 3030 qui
1287 2968 1376 3012 elafii
1392 2968 1562 3011 Caffianae
1578 2984 1731 3028 praeerat,
1742 2986 1867 3028 portus
1883 2971 2052 3025 faucibus,
2064 2974 2132 3015 nec
2148 2977 2218 3014 mi-

2188 3032 2196 3045 t

2152 3047 2220 3072 [ως

256 2173 287 2193 c.
301 2172 319 2190 c
329 2169 346 2189 Α
356 2169 368 2189 s
380 2168 392 2188 s
404 2166 443 2187 iv
453 2165 467 2186 s

257 2216 467 2241 miter-taron.
