2472 3506
904 329 987 369 Iure
997 341 1062 368 tuo
1072 330 1206 367 Lam-us
1216 339 1454 368 monumenta
1465 328 1636 384 perennia
1645 331 1802 384 Regum,

960 389 1043 426 Iure
1058 399 1122 425 tuo
1137 389 1271 425 Laurus
1281 400 1432 440 quaeque
1442 384 1598 441 trophaea
1606 385 1711 427 feres.

903 444 939 482 A
953 456 991 482 te
1005 441 1217 499 pendebunt
1230 442 1568 497 Aquilae,Mauortia
1582 440 1693 498 signa,

959 502 995 539 A
1004 514 1043 540 te
1056 499 1268 556 pendebunt
1279 514 1375 539 arma
1388 502 1546 540 micante
1562 515 1674 540 cono.

901 558 960 596 Te
969 556 1133 596 redimita
1142 571 1270 612 gerens
1280 558 1435 597 vistricia
1444 562 1783 613 tempora‚K01nam

957 614 1139 655 Curribus
1152 614 1282 653 auratis
1293 614 1515 670 ingredietur
1524 612 1654 654 ouans.⁴

898 670 1084 726 Delphica
1094 685 1132 711 vt
1140 670 1216 711 haec
1227 671 1347 712 credas
1358 672 1514 719 oracula,
1527 672 1661 727 praestat
1670 671 1708 711 id
1717 688 1828 713 vnum

954 729 1137 769 Eximium
1151 727 1327 785 Daphnes
1342 729 1558 785 posteritatis
1571 745 1678 785 opus.

900 785 1025 840 Qod
1037 800 1113 824 non
1126 785 1284 826 ostentat
1293 786 1438 834 laceras,
1449 786 1796 843 fimieciuefluentes,

958 844 1142 899 Sanguine
1151 859 1220 884 nec
1232 846 1357 883 tinetas
1369 843 1514 884 exhibet
1525 847 1682 884 exuuias:

899 900 971 940 sed
979 900 1141 940 rediuiua
1152 899 1217 940 tibi
1228 903 1386 942 Romani
1398 901 1543 941 Caesaris
1553 916 1629 949 ora,

957 957 1203 1013 Spirantisciue
1212 958 1376 999 habitum
1386 958 1503 998 reddit
1515 964 1552 999 ὃ(
1562 959 1740 1016 effigiem.

898 1016 1031 1055 AEtati
1041 1017 1170 1055 veteris
1185 1031 1408 1072 quaecunque
1421 1013 1634 1057 numismata
1647 1013 1771 1058 census

954 1071 1136 1119 Restituit,
1149 1087 1291 1113 tantum
1301 1088 1376 1129 quo
1391 1073 1488 1114 stetit
1497 1074 1702 1130 imperium.

897 1131 988 1170 Hoc
997 1131 1037 1168 in
1046 1126 1250 1186 'praesentem
1260 1128 1357 1187 quali
1367 1146 1443 1171 rem
1455 1146 1494 1170 tu
1503 1136 1646 1173 tramite
1655 1131 1794 1181 duetus,

952 1189 1012 1227 Te
1020 1187 1141 1226 multis
1153 1185 1256 1228 saeclis
1270 1191 1341 1228 iam
1354 1186 1531 1244 {inperesse
1541 1202 1662 1244 putes,

896 1245 1030 1298 Qam
1039 1258 1108 1284 nec
1117 1245 1337 1302 olympiades
1348 1247 1475 1293 multae,
1488 1261 1557 1286 nec
1565 1246 1670 1286 lustra
1679 1260 1857 1302 pararent,

951 1305 982 1339 L
993 1314 1016 1341 Α
1030 1315 1054 1342 ν
1066 1315 1091 1341 R
1102 1315 1116 1341 1
1127 1317 1157 1343 Ν
1171 1317 1185 1342 1
1204 1303 1257 1344 est
1275 1319 1386 1360 opera
1404 1302 1534 1343 tradita
1553 1306 1734 1360 cognitiO.

899 1357 1049 1398 Tradita
1060 1361 1316 1418 cognitio,qua
1326 1360 1414 1417 quid
1425 1377 1472 1401 ne
1485 1361 1648 1401 illustrius
1661 1359 1758 1410 esset,

951 1417 1094 1471 Ingenij
1115 1417 1283 1458 hubertas
1303 1418 1391 1459 fecit
1413 1421 1452 1457 H
1466 1433 1489 1459 v
1499 1434 1521 1459 B
1535 1433 1558 1458 ε
1570 1434 1597 1459 R
1608 1434 1637 1460 T
1651 1435 1672 1459 F.
1697 1422 1766 1461 tui.

894 1475 983 1515 Haec
994 1473 1186 1514 coniunsta
1194 1491 1321 1516 manus
1332 1491 1416 1516 cum
1428 1475 1563 1516 dexteri
1569 1491 1643 1517 tate
1657 1478 1791 1533 politae,

948 1534 1071 1571 Tanta
1081 1531 1143 1581 est,
1155 1546 1194 1572 vt
1214 1534 1335 1590 Belgis
1348 1532 1509 1574 inuideat
1517 1532 1676 1576 Latium.

858 1643 1062 1688 nicom
1083 1650 1367 1689 RAEVARm
1398 1651 1436 1688 1.
1460 1651 1515 1688 e.
1536 1651 1878 1692 BRVGENSIS.

1075 1714 1130 1764 ad
1147 1713 1365 1762 Caesarem
1382 1711 1650 1762 rediuiuum.

891 1815 1024 1857 Viuere
1034 1828 1072 1855 te
1080 1813 1200 1862 video,
1212 1829 1336 1855 verum
1346 1812 1409 1861 est,
1422 1829 1505 1853 nam
1515 1814 1636 1854 viuida
1644 1815 1754 1854 virtus

947 1876 1007 1912 Te
1018 1872 1139 1920 decus,
1153 1876 1191 1911 δε
1201 1873 1319 1928 patriae
1328 1869 1474 1911 sustinet
1489 1868 1559 1912 effe
1572 1884 1725 1927 patrem.

891 1929 962 1970 Sed
973 1929 1173 1980 (fateamur
1183 1930 1303 1982 enim)
1316 1927 1398 1968 cfim
1410 1942 1448 1968 te
1463 1943 1523 1968 tua
1536 1933 1655 1969 Roma
1665 1928 1822 1984 reliquit,

944 1989 1070 2035 Viuus,
1085 1991 1123 2026 &
1135 1999 1172 2026 vt
1182 1988 1296 2033 vinus,
1308 1983 1395 2025 semi
1409 1984 1461 2025 ita
1471 1988 1571 2027 viuus
1583 2000 1671 2026 eras.

887 2043 952 2085 Ast
965 2042 1067 2084 simul
1078 2058 1114 2085 vt
1128 2045 1239 2084 vitam
1249 2043 1314 2082 tibi
1332 2046 1369 2083 G
1384 2057 1412 2083 0
1426 2057 1450 2083 L
1463 2058 1491 2084 T
1505 2057 1533 2083 z
1546 2058 1559 2083 1
1573 2057 1596 2084 v
1609 2057 1625 2083 s
1640 2056 1715 2084 arte
1724 2045 1875 2099 perenni

945 2106 1140 2158 Integram,
1152 2116 1249 2141 veras
1260 2102 1367 2140 vertit
1377 2102 1414 2140 in
1426 2099 1562 2157 effigies
1576 2116 1586 2140 :

890 2157 1006 2199 Caessr
1015 2161 1092 2199 iure
1101 2158 1218 2198 modis
1228 2156 1383 2214 superest
1397 2157 1460 2198 tibi
1476 2161 1546 2199 vita
1556 2157 1710 2208 duobus,

941 2218 1105 2257 Nomine
1116 2217 1203 2257 viuis
1216 2217 1325 2264 enim,
1339 2214 1429 2257 vitiis
1440 2220 1476 2256 &
1487 2214 1624 2272 effigie.

854 2322 1158 2357 ΝικοΛΑογ
1183 2296 1525 2358 moxmnox
1558 2320 1871 2358 aporrffinz.

885 2389 1041 2447 Φίρτερος
1052 2387 1247 2437 ἀθανώνων,
1259 2388 1406 2441 ’ἔνσημρς
1417 2392 1450 2429 τ’
1463 2387 1690 2446 ἀργυρότοξος

934 2454 1038 2519 Efyor
1055 2443 1259 2500 θαυμάζων
1270 2445 1395 2496 ’ἔβλεπι
1412 2454 1438 2486 Γ
1449 2453 1482 2485 O
1492 2455 1522 2486 Λ
1533 2454 1593 2516 Z’E
1605 2453 1620 2485 1
1632 2452 1665 2485 Ο
1676 2455 1722 2487 Ν.

884 2503 965 2556 Οῴ
974 2519 1055 2543 ποτε
1067 2502 1216 2555 θαμβὸς
1225 2503 1392 2552 ›syme-eo
1403 2502 1547 2561 yiypoeo’
1557 2502 1717 2554 ολιῖμπτο,

935 2563 1007 2602 Νῦν
1019 2570 1125 2601 mom
1138 2563 1294 2610 ἰ’φθυαος
1307 2565 1439 2619 Καῒσηρ
1453 2563 1482 2607 ἐς
1495 2560 1591 2618 ἅςρα
1601 2563 1685 2618 einez

1134 2664 1283 2703 IDEM
1322 2667 1570 2703 LATINE.

883 2734 1098 2776 Caelicolum
1117 2736 1287 2791 Princeps
1305 2736 1379 2775 acri
1397 2733 1594 2790 speRabilis
1613 2749 1699 2774 arcu

937 2796 973 2833 G
989 2807 1017 2833 ο
1030 2807 1054 2833 1.
1069 2807 1097 2833 ’r
1110 2807 1138 2832 z
1150 2806 1163 2832 1
1177 2807 1200 2833 Λ
1217 2805 1243 2831 c
1258 2806 1283 2833 v
1296 2808 1327 2833 M
1338 2791 1513 2832 admirans
1525 2791 1717 2848 aspiciebat
1728 2806 1835 2849 opus.

876 2850 1045 2890 Tandem
1060 2850 1248 2907 perplexus
1257 2849 1396 2890 stellato
1407 2846 1540 2906 scripfit
1552 2849 1726 2907 Olympo:
1776 2868 1779 2872 ·

933 2907 1076 2948 Nobilis
1088 2923 1134 2950 en
1143 2906 1278 2948 rursum
1290 2906 1400 2967 Iuliqs
1413 2907 1502 2949 astra
1509 2907 1618 2966 petit,
