2472 3506
772 380 1238 430 -GVILIELMI
1296 379 1656 430 PANTINI
1713 378 2036 428 MEDICI

909 457 1163 526 Brugenfis‘,
1177 455 1422 525 fiontispicij
1437 461 1577 525 operis
1590 456 1828 525 explicatiO,
1845 458 1899 507 ad

874 563 1160 597 HVBERTVM
1190 563 1483 595 Gourzrvm
1523 563 1951 596 Hssitmrom‘rau

1087 626 1406 694 Antiquarium
1422 628 1672 674 auctorem.

779 691 878 791 R
890 743 917 769 o
931 743 962 769 Μ
974 741 996 769 Λ
1011 742 1143 785 potens
1159 727 1297 784 septem
1309 727 1472 769 fiabieecis
1483 728 1651 779 collibus,
1663 729 1805 771 Orbem

1002 790 1131 826 Donat
1145 787 1292 842 potenti
1308 786 1415 826 Iulio:
1669 837 1671 839 ι

781 844 857 881 Cui
872 841 985 883 flauus
1004 842 1104 883 flauis
1119 844 1270 898 Tyberis
1283 841 1485 883 subterfluit
1501 843 1603 884 vndi‘s

1009 901 1120 940 Flauo
1136 899 1306 957 superbus
1321 901 1441 940 alueo.

776 959 856 996 Stat
868 957 952 1014 lupa
967 958 1016 998 cis
1032 958 1141 998 colles
1154 960 1285 1005 nutrix,
1299 958 1406 997 trahit
1419 957 1525 998 vbera
1539 954 1648 1000 fratre

1010 1018 1111 1054 Cum
1123 1016 1282 1055 Romulo
1297 1015 1405 1055 frater
1418 1019 1563 1056 Remus.

777 1071 908 1112 Subter
917 1078 953 1113 &
964 1072 1017 1112 his
1033 1073 1114 1120 ales,
1126 1074 1310 1112 Mauortia
1322 1070 1348 1111 fi
1349 1088 1421 1128 gna
1435 1075 1645 1125 Qiritum,

1010 1129 1141 1169 Rostro
1156 1145 1273 1184 rapax,
1293 1143 1372 1169 trux
1384 1130 1582 1185 vnguibus:

778 1190 826 1228 Et
837 1200 958 1227 tamen
972 1184 1129 1242 expansis
1141 1188 1265 1226 eadem
1277 1185 1456 1226 mitisfima
1467 1189 1610 1242 pennis,

1015 1244 1105 1283 Solis
1118 1243 1220 1284 ferox
1232 1244 1437 1284 rebellibus;

780 1301 884 1341 Hinc
894 1314 998 1358 pater
1008 1305 1241 1356 armipotens,
1254 1301 1340 1344 hinc
1355 1317 1436 1342 cum
1448 1302 1627 1357 genitrice
1642 1302 1807 1359 Cupido,

1012 1362 1154 1398 Sortem
1163 1373 1381 1414 augurantur
1393 1359 1502 1399 Iu-h'o.

782 1414 942 1457 Horrida
950 1414 1054 1465 bella,
1066 1415 1152 1455 feras
1163 1429 1303 1471 gentes,
1314 1416 1390 1456 fera
1402 1417 1527 1472 praelia,
1538 1414 1650 1457 fausta

1013 1473 1083 1513 Sed
1097 1475 1304 1513 ominantur
1316 1476 1452 1514 omnia.

778 1531 871 1572 Vrbs
885 1529 983 1570 dabit
995 1531 1198 1586 imperium:
1206 1533 1375 1571 virtutem
1386 1531 1567 1588 Marsque,
1580 1531 1788 1589 Venusque:

1011 1591 1170 1626 Fortuna
1189 1588 1434 1630 contuebitur.

780 1647 877 1693 Sors,
891 1645 973 1694 Iuli,
986 1649 1023 1684 &
1033 1648 1140 1685 virtus
1155 1658 1216 1684 tua
1229 1659 1266 1685 te
1274 1649 1417 1686 vocavi
1432 1647 1523 1702 pede
1535 1646 1665 1696 fausto,

1012 1706 1206 1758 Perrumpe
1227 1702 1337 1742 robur
1350 1703 1543 1744 hosticum.

780 1758 892 1798 Iulius
906 1761 948 1798 it:
961 1771 1074 1798 terror
1086 1759 1303 1814 quacunque
1312 1761 1461 1808 incedit,
1472 1767 1511 1800 &
1522 1763 1610 1801 acris

1011 1819 1087 1855 Aut
1097 1815 1308 1864 obstecratio,
1315 1829 1383 1856 ‘aut
1393 1817 1493 1873 fiiga.

780 1874 980 1913 Germanas
990 1877 1083 1913 acies
1096 1873 1284 1928 prostratas
1300 1877 1426 1922 cernis,
1439 1880 1476 1913 &
1486 1874 1634 1930 Anglas,

1010 1931 1188 1985 Astascjne
1211 1931 1342 1986 praedas
1361 1932 1533 1971 Gallicas.

777 1990 826 2027 Et
835 1988 993 2042 proieeca
1004 1989 1099 2027 iacet
1108 2002 1259 2027 moerens
1270 1985 1442 2043 Hispania
1454 1988 1563 2029 :solus

1009 2048 1058 2084 At
1072 2044 1174 2084 Orbe
1185 2060 1311 2101 regnat
1327 2046 1451 2085 Iulius.

778 2102 888 2142 Iulius
898 2105 939 2152 it,
951 2100 1060 2149 videt,
1073 2102 1235 2142 ac'vincit
1248 2118 1256 2142 :
1268 2101 1433 2158 solusq'ue
1444 2101 1645 2158 triumphos

1007 2158 1183 2198 Adornat:
1193 2165 1229 2199 &
1242 2173 1328 2199 ouat
1337 2162 1473 2200 vnicus.

775 2218 892 2266 Flent,
908 2217 1050 2273 plorant
1063 2216 1133 2265 alij,
1148 2232 1302 2271 quorum
1318 2232 1380 2256 ora
1393 2217 1541 2273 superba
1551 2212 1713 2257 recusant

1010 2278 1150 2328 Lupata
1162 2273 1254 2314 ferre
1267 2273 1426 2314 Caefiaris.

775 2333 895 2388 Luget
906 2336 943 2371 ὅ(
957 2333 1140 2378 OceanuS,
1153 2329 1325 2386 fluuijque
1336 2331 1462 2371 dolore
1471 2331 1685 2386 liquescunt,

1008 2388 1159 2443 Spoliati
1173 2388 1304 2444 opibys
1317 2386 1549 2444 amplisfimis.

777 2447 838 2485 Sic
848 2460 992 2501 quoque
1003 2444 1180 2500 lugebunt
1194 2460 1270 2484 non
1282 2460 1397 2501 pauca
1407 2443 1628 2494 numismata,
1641 2447 1682 2485 H
1693 2457 1718 2484 v
1729 2458 1751 2485 B
1765 2456 1787 2484 Β
1799 2458 1825 2486 R
1836 2459 1864 2487 'r
1875 2458 1913 2493 Β,

1009 2506 1091 2540 Tua
1109 2503 1183 2542 haec
1197 2502 1256 2542 vbi
1275 2501 1538 2558 conspexerint.

776 2563 959 2599 Haeremus
970 2560 1008 2597 in
1017 2559 1141 2614 vulgus
1153 2559 1282 2606 studio,
1294 2560 1506 2615 ingentique
1516 2558 1640 2598 labore

1004 2617 1101 2655 Male
1110 2614 1190 2654 sana
1201 2631 1276 2671 quae
1290 2616 1526 2672 profugerint.

776 2674 920 2713 Scilicet
930 2672 1002 2712 haec
1012 2686 1072 2712 tua
1084 2673 1256 2713 barbaries
1267 2674 1326 2712 illa
1336 2673 1396 2721 est,
1410 2673 1602 2728 feritasque

1007 2730 1123 2777 Culti,
1136 2743 1173 2770 vt
1183 2744 1327 2778 vocant,
1341 2729 1366 2769 si
1381 2732 1450 2769 Dis
1463 2731 1595 2785 placet.

775 2786 910 2841 Inclyta
924 2787 1126 2843 Belgarum,
1138 2802 1181 2826 ac
1196 2787 1426 2826 flandrorum
1439 2787 1518 2828 vrbs
1532 2786 1664 2840 inclyta
1682 2789 1711 2826 B
1724 2800 1750 2826 R
1761 2799 1786 2826 V
1797 2799 1824 2826 G
1838 2798 1902 2834 ΛΕ,

1004 2848 1039 2883 G
1056 2858 1082 2884 o
1098 2858 1121 2884 1.
1135 2858 1162 2884 T
1176 2858 1203 2883 z
1216 2857 1229 2882 1
1245 2858 1257 2882 1
1277 2844 1414 2883 labores
1429 2860 1505 2900 quae
1517 2843 1634 2892 foues,

773 2903 809 2941 G
825 2915 852 2941 ο
866 2915 891 2941 ι.
904 2916 931 2943 τ
943 2916 971 2942 z
984 2914 997 2941 1
1012 2915 1024 2940 1
1047 2906 1217 2941 Romanae
1225 2899 1361 2941 summa
1371 2917 1446 2956 quae
1457 2901 1642 2941 stemmata
1652 2900 1771 2956 gentis

1003 2958 1154 3000 Solertia
1165 2963 1201 2999 &
1212 2973 1286 3015 ope
1297 2972 1508 3016 promouet.

1760 3015 1920 3054 Promo⁴
