2472 3506
428 360 660 397 ADOLPHI
695 358 974 395 MEKERCHI
1009 359 1102 393 1.c.
1133 360 1443 395 BRVGENSIS.

363 461 500 500 Aureus
516 470 650 496 auratas
664 456 778 496 voluit
792 455 954 496 Pastolus
970 471 1104 503 arenas,

418 520 619 571 Argentum
634 513 771 569 profert
787 512 900 560 India,
916 528 953 553 vt
966 529 1030 553 aera
1046 517 1203 568 Cyprus:

361 574 557 619 Hubertas,
573 574 612 610 H
622 585 646 611 v
657 586 679 610 B
693 585 715 610 E
728 585 754 610 R
765 585 792 611 ‘r
806 585 842 618 E,
858 584 919 609 tua
931 572 1004 610 haec
1015 567 1346 617 huberrimamultcz

420 630 604 671 Huberius
619 629 713 668 certe
728 627 883 667 fluminis
897 624 1012 668 huber
1023 626 1146 667 habet:

362 691 462 729 Nam
471 686 572 728 vehit
585 699 787 741 argentum,
799 685 897 727 vehit
910 698 964 734 aes,
978 701 1102 725 aurum
1111 685 1209 725 vehit
1222 685 1326 726 alueo

418 743 660 798 Omne‚quod
676 743 894 783 AEneadum
908 741 1020 799 prisca
1029 757 1177 782 moneta
1188 744 1281 782 tulit.

359 804 524 858 Protegit
537 801 611 840 hoe
621 799 758 840 flumen
772 805 906 855 Laurus
920 800 1093 841 viridante
1105 798 1166 838 sub
1180 800 1313 848 vmbra,

415 858 602 900 Vndifluas
616 862 749 897 Laurus
767 855 902 899 confixa
916 872 1065 913 propter
1077 873 1199 912 aquas.

360 919 437 957 Cui
448 932 524 956 non
533 916 599 956 vlla
609 915 688 954 suos
697 917 747 955 vis
762 915 983 971 perturbabit
992 915 1163 962 honores,

413 978 504 1014 Non
518 973 645 1012 Auster
653 972 779 1013 virides
793 972 930 1013 auferet
940 971 1054 1012 imbre
1066 986 1200 1011 comas:

356 1032 428 1072 Sed
441 1032 570 1088 patulis
583 1029 703 1086 fulgur
715 1031 830 1078 ramis,
839 1027 898 1070 sed
915 1030 989 1069 dira
1000 1045 1139 1070 venena

412 1093 536 1136 Arcet,
550 1094 587 1128 δι
597 1088 708 1142 {iripis
723 1090 831 1127 noxia
844 1103 992 1143 quaeque
1006 1087 1121 1143 fugat.

354 1146 512 1188 Naiades
523 1146 608 1193 hoc,
622 1147 745 1199 Satyri,
760 1145 935 1199 Dryades,
949 1149 1034 1193 Pan,
1048 1143 1212 1190 Phoebus,
1226 1142 1382 1191 Athena,

411 1206 500 1244 Hoc
513 1202 681 1242 Charites
692 1202 851 1259 gaudent
863 1201 1025 1249 flumine,
1041 1207 1076 1241 ὃς
1091 1201 1261 1241 Aonides.

352 1261 430 1303 Vos
441 1277 512 1308 me,
525 1260 692 1308 Pierides,
706 1273 855 1315 quoque
864 1261 902 1298 in
912 1259 984 1299 haec
995 1259 1162 1299 damnate
1172 1258 1326 1307 metalla,

409 1322 487 1359 Has
499 1317 615 1358 studio
623 1320 666 1358 'vt
675 1332 780 1357 venas
794 1317 986 1357 huberiore
1001 1317 1131 1357 colam.

577 1425 832 1463 ‘GEORGH
886 1422 1100 1462 ‘CASSAN
1120 1424 1234 1461 Dru.

348 1493 457 1535 Nulla
467 1509 532 1549 per
541 1492 715 1534 Ausonias
725 1496 824 1550 quod
836 1496 991 1552 praestitit
1002 1496 1170 1536 haetenus
1180 1496 1240 1537 vrb
1246 1511 1293 1544 ες,

404 1555 494 1591 Hoc
503 1567 611 1599 nunc,
624 1557 754 1600 Roma,
768 1553 832 1592 tibi
848 1554 1029 1593 Flandrica
1041 1558 1160 1609 Bruga
1170 1557 1282 1609 p‘ara't.

347 1607 467 1665 Digni
477 1622 650 1664 perpetua
660 1610 817 1649 redimiri
828 1625 992 1665 tempora
1001 1612 1113 1658 lauro,

401 1671 431 1705 L
444 1681 466 1706 A
480 1681 503 1706 v
515 1681 540 1706 R
552 1680 564 1705 1
577 1682 604 1706 N
620 1680 633 1705 1
653 1682 718 1721 per
727 1683 818 1722 quos
833 1668 955 1707 nobile
969 1667 1080 1724 surgit
1093 1683 1197 1723 opus.

346 1722 431 1764 Nec
440 1726 557 1763 minus
578 1727 617 1762 H
627 1738 652 1764 v
662 1739 683 1763 B
698 1739 719 1763 ε
732 1739 756 1764 R
768 1739 795 1764 T
806 1738 817 1763 1
832 1723 1027 1764 dostissima
1038 1726 1159 1764 dextra
1168 1734 1335 1773 meretur,

400 1796 426 1822 A
439 1796 462 1821 v
474 1796 500 1821 R
511 1796 532 1820 Ε
546 1795 570 1821 ν
584 1794 600 1821 S
618 1795 656 1820 vt
668 1783 796 1822 volitet
807 1782 913 1821 doeta
923 1798 1060 1837 perora
1069 1784 1195 1822 virum.

455 1887 748 1917 MARTINI
800 1889 1031 1917 le-:TII
1083 1889 1399 1918 FLANDRI.

347 1948 384 1985 G
400 1959 427 1986 o
441 1960 464 1985 L
477 1960 506 1986 T
519 1959 547 1984 z
560 1960 574 1984 1
587 1959 610 1985 v
623 1960 638 1985 -s
652 1945 726 1985 haec
735 1946 844 2001 plano
856 1944 999 2003 sculplit
1009 1951 1213 1992 Germanus
1224 1950 1263 1988 in
1275 1964 1352 1996 aere,

400 2006 500 2058 Qae
510 2003 617 2058 paul&
628 2004 708 2042 ante
718 2005 802 2059 agili
817 2007 978 2059 pinxerat
988 2003 1063 2060 ipse
1075 2021 1196 2045 manu.

341 2062 501 2109 Praelum,
513 2076 651 2116 operaS,
665 2074 774 2116 atque
783 2061 957 2117 impenffis
967 2060 1105 2102 fi1ffecit
1115 2065 1253 2118 opimas

401 2122 432 2157 L
443 2132 467 2158 A
481 2131 504 2158 v
516 2132 541 2157 R
552 2133 565 2158 1
577 2133 606 2158 N
622 2132 642 2158 v
659 2133 693 2166 s,
710 2122 834 2175 Brugae
845 2120 958 2174 gloria
968 2135 1099 2176 magna
1108 2118 1184 2161 suae.

342 2174 495 2215 Barbara
506 2191 580 2230 quae
590 2175 775 2230 quondam
783 2175 864 2224 fuit,
878 2190 924 2217 en
935 2181 968 2216 G
976 2180 1131 2217 ermania
1142 2195 1238 2218 nunc
1250 2174 1300 2219 est·

398 2232 541 2272 Nobilis
551 2234 717 2288 ingenijs,
729 2233 872 2281 artibus,
885 2248 994 2290 atque
1008 2236 1102 2276 viris.

345 2291 517 2345 Qaecffue
527 2290 616 2329 olim
625 2290 769 2330 incultis
779 2290 849 2331 fuit
859 2291 1002 2331 horrida
1016 2293 1180 2333 Flandria
1189 2293 1295 2345 siluis,
1345 2317 1353 2324 ·

398 2348 505 2387 Tales
519 2363 617 2390 nunc
629 2346 761 2387 fructus
776 2348 882 2389 edere
897 2350 992 2389 culta
1008 2351 1110 2390 valet.

341 2403 402 2444 Ne
415 2418 537 2444 tamen
550 2404 710 2444 inuideas
720 2405 836 2453 nobis,
850 2406 956 2446 doff’oe
970 2407 1070 2454 Itale,
1088 2406 1235 2456 nostras,

398 2464 507 2516 Qas
517 2477 615 2501 nunc
627 2462 709 2517 post
721 2463 809 2502 alios
821 2462 895 2503 fata
908 2463 1035 2503 dedere
1048 2466 1156 2504 vices.

339 2521 479 2558 Graecia
488 2523 604 2574 prima
617 2532 708 2558 artes
720 2521 834 2560 coluit
846 2519 1043 2561 doffiffima
1056 2527 1213 2564 cunetas:

397 2578 495 2630 Qae
505 2575 584 2631 pest
596 2573 780 2627 cesserunt,
793 2580 949 2617 maxima
957 2584 1087 2627 Roma,
1102 2579 1180 2619 tibi‘

337 2632 399 2671 Tu
411 2633 542 2673 demde
551 2634 742 2689 imperium
753 2635 885 2675 nostras
902 2635 987 2674 dum
999 2639 1110 2675 mittis
1121 2639 1158 2676 in
1169 2652 1260 2689 oras,

396 2692 484 2729 Huc
496 2692 605 2730 etiam
617 2690 721 2731 dotes
731 2692 871 2748 ferscjue
887 2693 1060 2748 locascjue
1070 2708 1160 2735 tuas.

338 2746 531 2802 Linguam,
543 2749 703 2804 inquam,
716 2752 908 2806 moresque
924 2764 1018 2798 tuos,
1031 2754 1195 2807 artesque
1205 2755 1347 2812 polita3‚

391 2808 438 2845 Et
450 2805 562 2845 cultus
577 2807 749 2862 quicquid
760 2806 1008 2864 splendidioris
1021 2807 1143 2848 habes.

1075 2865 1098 2904 b
1129 2869 1152 2919 ij
1431 2873 1516 2911 Haec

393 2904 408 2925 ’ὅ
