2472 3506
713 333 831 379 IN
920 333 1257 394 IDEM,

583 414 749 447 IOAN.
803 415 1091 449 CASTELII
1146 417 1372 451 CHELVI

837 484 1118 517 FLANDRI.

451 547 556 649 Α
566 575 585 607 S
595 575 618 604 Ρ
627 575 642 604 1
655 573 683 603 C
698 575 738 617 E,
750 571 869 606 Roma
884 581 1006 622 caput,
1017 567 1176 624 vastique
1186 570 1355 625 potentia
1364 569 1504 619 mundi,

613 624 781 664 Collibus
791 623 851 664 hic
861 622 998 679 septem
1009 640 1165 681 corpore
1175 630 1257 666 nixa
1267 625 1378 667 sedet.

466 685 531 725 Illa
540 683 689 740 quidem
703 682 851 739 grauida
860 684 1031 737 imperijs,
1042 686 1232 740 rerumque
1246 686 1378 740 potita,

522 741 616 797 Q&
628 743 722 780 nitet
735 744 847 786 Eous,
861 738 1130 796 Hesperiusqtie
1140 742 1227 783 dies.

465 804 543 842 Iam
552 799 650 840 velut
661 800 821 846 emerita,
833 812 945 853 atque
955 813 1068 839 onere
1077 800 1152 839 hoc
1162 797 1294 839 cessura
1304 797 1468 854 quiescit,

523 854 819 911 Consortemcjue
835 854 886 894 sui
904 857 1032 913 deligit
1049 859 1203 913 imperij.

465 916 577 956 Iulius
589 914 675 970 ergo
685 911 782 953 sacra
792 914 974 969 praeclarus
986 916 1129 970 origine
1141 914 1260 954 Caesar

523 974 621 1013 Illius
633 972 693 1010 hic
702 971 790 1010 astat
803 973 968 1011 cominus
984 988 1069 1012 ante
1086 973 1209 1029 pedes,

467 1035 574 1072 Sacra
583 1028 791 1084 triumphali
802 1029 988 1069 redimitus
1000 1044 1167 1086 tempora
1177 1035 1310 1077 Lauro,

522 1089 756 1143 Romaniq'ue
767 1086 892 1127 habitu
904 1093 1040 1127 cinstus
1051 1089 1094 1127 ad
1106 1104 1203 1128 arma
1214 1089 1346 1128 Ducis.

465 1149 543 1186 Cui
554 1147 682 1202 populi
693 1143 802 1185 fasces
815 1147 887 1185 iarn
900 1145 1018 1194 tradit,
1032 1152 1069 1186 &
1080 1146 1175 1186 orbis
1186 1146 1357 1194 habenas,

520 1209 568 1245 Et
582 1202 643 1243 sua
653 1204 854 1243 committit
863 1202 1002 1259 sceptra
1013 1204 1172 1244 tenenda
1181 1220 1304 1243 manu.

464 1262 600 1304 Nostra
611 1258 750 1318 capesse
763 1260 877 1301 libens
888 1277 1012 1318 regna,
1025 1264 1156 1317 inquit,
1170 1262 1321 1310 &‚istius
1331 1261 1430 1302 idem

521 1322 718 1360 Terminus
734 1323 894 1374 Imperij,
907 1322 1080 1359 terminus
1091 1319 1202 1360 Orbis
1213 1322 1292 1360 erit.

463 1381 550 1418 Hoc
561 1380 696 1418 etenim
707 1377 801 1416 duce
811 1391 848 1417 te
857 1377 947 1417 mihi
957 1378 1066 1434 longe
1077 1378 1270 1434 augustius,
1283 1393 1395 1435 atque

519 1434 699 1492 Auspicijs
712 1434 858 1491 fingent
868 1452 974 1476 aurea
983 1435 1078 1476 stela
1090 1439 1173 1476 tuis.

460 1494 560 1550 Ergo
575 1494 651 1550 age,
663 1498 780 1533 maeste
790 1507 850 1532 tua
860 1496 1004 1543 virtute,
1016 1496 1081 1550 age
1092 1497 1247 1534 maxime
1259 1491 1386 1541 Caesar,

521 1552 734 1608 Aggredere
744 1551 819 1592 hoc
829 1555 921 1591 tanti
932 1554 1090 1591 numinis
1101 1550 1275 1607 auspiciO.

462 1610 687 1666 Aggredere‚
700 1611 735 1658 ὃ,
748 1625 900 1665 magnos
914 1612 1050 1648 inuicto
1067 1610 1178 1649 corde
1189 1609 1330 1650 labores

523 1669 684 1723 lmperij,
699 1672 735 1706 &
748 1682 847 1706 curas
860 1669 1017 1722 concipe
1027 1682 1152 1707 mente
1161 1671 1315 1722 graneis.

463 1727 523 1765 Sic
539 1739 575 1764 te
591 1740 688 1765 certa
699 1739 764 1764 tuae
777 1723 924 1764 celebris
935 1727 1113 1780 praeconia
1123 1725 1234 1772 famae,

520 1785 793 1837 AEternusc‘lue,
806 1782 895 1820 mihi
915 1782 1032 1830 crede,
1046 1782 1207 1822 manebit
1216 1782 1352 1825 honos.

461 1839 590 1892 Officij
596 1841 668 1896 <jue
674 1838 727 1879 sui
738 1855 891 1888 memor,
905 1845 942 1879 &
952 1839 1019 1878 tibi
1030 1853 1131 1896 grata
1139 1840 1316 1896 rependet

520 1897 710 1938 Posteritas
722 1899 858 1938 meritis
873 1900 1015 1954 praemia
1025 1899 1136 1954 digna
1151 1900 1234 1937 tuis.

460 1955 660 1996 Postmodo
671 1958 791 1995 Diuus
803 1957 901 1996 enim
913 1969 996 1995 toto
1007 1955 1252 2012 applaudente
1264 1959 1399 1996 Senatu

521 2013 708 2053 Caelitibus
719 2013 853 2069 superis
865 2013 1152 2053 annumerandus
1165 2017 1247 2054 eris.

461 2071 579 2128 quue
589 2073 676 2111 olim
688 2071 803 2111 Idalio
817 2073 938 2112 caelum
950 2071 1139 2112 testabitur
1150 2072 1257 2121 astro,

520 2133 697 2185 Supremo
709 2129 892 2169 instabunt
904 2131 988 2169 cum
1000 2129 1065 2169 tibi
1075 2129 1148 2170 fata
1158 2130 1229 2170 die.

460 2193 560 2229 Ecce
573 2190 682 2227 etiam
694 2203 825 2244 pueros
837 2191 949 2227 nutrit
959 2188 1019 2227 hic
1028 2188 1113 2244 lupa
1124 2204 1207 2227 mua
1217 2187 1407 2244 gemellos,

521 2249 642 2301 Atque
652 2247 689 2284 in
700 2260 792 2301 quos
803 2260 949 2302 patruus
959 2243 1048 2298 saeuij
1054 2261 1079 2293 t,
1093 2247 1152 2285 illa
1161 2246 1279 2286 fouet.

465 2305 568 2342 Hinc
579 2308 728 2351 Remus,
740 2303 828 2343 hinc
838 2303 1002 2343 manibus
1013 2304 1191 2359 praegestit
1200 2304 1390 2353 Romulus,
1404 2304 1472 2344 alte

520 2362 774 2416 Lactantisque
784 2360 863 2401 ferae
874 2361 1012 2417 pendet
1023 2361 1066 2400 ab
1077 2361 1257 2402 vberibus.

462 2421 576 2458 Nunc
586 2420 701 2474 pueri,
715 2419 765 2458 ast
777 2419 865 2458 olim
876 2422 999 2475 magni
1011 2419 1208 2475 primordia
1218 2421 1352 2475 Regni,

519 2480 567 2516 Et
577 2491 735 2531 quorum
746 2476 910 2533 auspicijs
923 2477 1072 2517 condita
1082 2482 1203 2517 Roma
1210 2476 1293 2517 fuit.

463 2533 574 2573 Haud
586 2534 714 2589 procul
723 2534 810 2574 inde
821 2550 908 2575 caua
917 2535 1112 2575 Tiberinus
1122 2536 1212 2575 valle
1220 2533 1414 2587 recumbit,

522 2592 644 2630 Fultus
655 2592 857 2632 arundxfera
867 2592 1028 2632 membra
1038 2590 1163 2648 supina
1171 2609 1295 2633 manu.

465 2651 596 2696 Cuius,
608 2663 645 2689 vt
659 2650 796 2705 epleno
808 2648 990 2690 thesauros
1003 2653 1129 2706 Copia
1140 2666 1267 2700 cornu,

521 2709 638 2746 Diues
649 2707 872 2747 inexhaustas
884 2724 970 2748 vrna
980 2722 1155 2763 perennat
1167 2724 1289 2764 aquas.

464 2767 513 2804 At
523 2766 641 2803 vicina
651 2767 735 2804 ratis
748 2762 889 2805 classem
901 2779 1005 2804 notat
1016 2781 1123 2805 amne
1132 2782 1317 2823 receptam

519 2821 688 2873 Parrhafij
701 2825 854 2870 iuuenis,
868 2823 1092 2878 falciferique
1101 2822 1204 2865 senis.

467 2881 646 2934 Qorum
658 2878 768 2919 euafit
779 2880 897 2920 adhuc
908 2882 1024 2920 tenuis
1036 2886 1156 2921 Roma
1166 2883 1303 2923 austior
1313 2883 1415 2932 olim,

520 2942 567 2978 Et
577 2939 723 2993 gemina
735 2938 838 2979 tellus
849 2938 992 2994 hospita
1004 2941 1119 2979 creuit
1130 2955 1218 2997 ope.

1407 3004 1499 3040 Prae-
