2364 3511
756 282 810 321 Sic
819 278 963 319 tandem
972 280 1098 320 Italicae
1110 279 1298 334 peragratis
1310 276 1436 318 finibus
1446 289 1526 323 orae,

813 337 951 377 Gallica
961 337 1003 376 ab
1015 338 1152 392 Alpinis
1168 336 1315 376 collibus
1326 351 1408 375 arua
1419 347 1518 389 petO.

754 397 827 434 Hic
843 396 949 433 etiam
964 392 1140 449 quidquid
1152 406 1228 432 tota
1241 395 1390 448 regione
1400 388 1591 432 videndum

808 449 914 499 Esset,
932 451 966 489 id
983 453 1089 490 aeratis
1104 448 1297 505 scripsimus
1312 453 1348 489 in
1362 449 1501 489 tabulis:

754 509 859 548 Iulius
872 509 1008 562 Alpinis
1020 523 1094 562 quae
1105 505 1207 562 geffit
1224 503 1335 547 Caesar
1345 511 1379 547 in
1392 508 1475 553 oris,

812 568 947 619 Qaeq3
959 566 1044 603 olim
1057 566 1074 603 εὶ
1085 565 1197 603 Gallis
1207 565 1265 604 ille
1278 565 1432 620 trophaea
1446 563 1539 601 tulit.

757 626 837 661 llaec
849 623 905 661 vbi
920 624 1058 661 visturis
1070 618 1223 676 inscripsi
1233 620 1367 678 singula
1379 622 1518 667 chartis,

815 683 856 717 In
872 680 1003 734 patrios
1022 678 1103 729 abij‚
1117 679 1164 717 nil
1179 693 1388 728 remoratus,
1404 693 1519 734 agros.

757 737 969 790 Laurinitjue
982 735 1142 783 domum,
1156 741 1193 774 δε
1210 736 1299 776 bene
1314 750 1399 774 nota
1411 736 1540 791 palatia
1550 729 1674 779 visens,

817 793 942 832 Castra
952 793 1181 833 VVatervleti
1196 796 1344 833 nomine
1359 794 1447 833 clara
1459 807 1557 848 pero.

761 852 834 890 Hic
849 866 918 905 ego
933 849 1131 889 Phoebaeum
1141 865 1258 890 vatem
1270 866 1385 907 prope
1394 849 1572 890 Thetidos
1581 846 1678 886 aestus

820 909 946 946 Inueni
960 907 1129 962 ambiguo
1146 906 1314 964 stringere
1327 920 1425 962 prata
1439 908 1544 963 pede.

762 969 810 1004 Vt
822 965 891 1004 vidi
906 964 1325 1020 obstupui,lac1·ymas<}ue
1336 966 1372 1002 in
1384 965 1512 1019 gaudia
1520 966 1622 1013 verti,

819 1025 906 1061 Haec
916 1021 1070 1062 referens
1081 1036 1185 1077 grato
1198 1022 1313 1061 dulcia
1326 1023 1431 1061 verba
1443 1019 1546 1062 sono:

765 1083 794 1118 L
805 1094 825 1118 A
838 1094 861 1119 v
875 1094 898 1118 R
910 1093 921 1116 1
933 1094 961 1119 N
975 1094 997 1118 E
1019 1081 1124 1132 Aonij
1140 1079 1365 1119 celeberrima
1379 1080 1494 1134 gloria
1507 1094 1628 1126 coetus,

824 1136 993 1191 Idemque
1003 1138 1147 1192 ingenio
1162 1137 1304 1184 nobilis,
1315 1150 1352 1175 vt
1369 1139 1505 1186 Genio,

764 1188 897 1248 Accipe
908 1207 1062 1232 maturos
1075 1195 1215 1249 propria
1227 1194 1290 1232 tibi
1301 1193 1343 1232 ab
1354 1194 1480 1234 arbore
1489 1195 1632 1244 fruetus,

826 1253 962 1305 Accipe
971 1250 1014 1288 ab
1026 1250 1152 1302 officijs
1163 1253 1309 1290 nomina
1319 1251 1421 1290 dueta
1433 1255 1513 1292 tuis.

770 1311 857 1347 Haec
869 1307 931 1345 tibi
943 1307 986 1344 ab
997 1310 1152 1362 antiquis
1165 1306 1318 1362 expressa
1328 1307 1536 1348 numifinata
1549 1309 1670 1367 signis,

827 1369 894 1402 Pro
906 1378 1060 1418 accepto
1072 1364 1187 1404 reddit
1208 1368 1242 1402 G
1257 1378 1283 1403 ο
1299 1378 1320 1402 L
1333 1379 1360 1403 T
1374 1380 1401 1404 z
1412 1380 1424 1404 1
1439 1380 1461 1405 v
1474 1380 1489 1406 s
1504 1366 1645 1411 officio.

770 1418 915 1476 Suscipe
925 1436 1054 1475 pacato
1070 1421 1133 1460 tibi
1144 1422 1263 1462 debita
1273 1437 1419 1462 munera
1429 1424 1541 1473 vultu,

828 1480 886 1517 Sic
896 1477 1002 1517 faciat
1022 1479 1155 1533 Pylium
1172 1493 1208 1519 te
1223 1493 1282 1519 tua
1293 1481 1408 1519 laurus
1421 1496 1542 1521 auum.

769 1537 837 1575 His
852 1551 921 1590 ego
937 1549 1011 1573 tum
1025 1536 1138 1576 verbis
1149 1537 1301 1576 multum
1310 1538 1530 1593 gratantibus
1540 1537 1632 1592 vsus,

823 1592 971 1631 Talibus
983 1596 1107 1648 accepi
1118 1594 1236 1633 laurea
1247 1594 1338 1633 dista
1349 1592 1453 1635 sonis:

767 1652 801 1687 G
816 1663 843 1688 o
859 1664 882 1688 L
892 1664 919 1689 T
930 1663 957 1686 z
972 1663 983 1687 1
999 1653 1121 1690 animo
1133 1651 1259 1691 dilecte
1272 1652 1505 1699 meo‚dileece
1516 1658 1716 1708 Camoenis,

828 1709 945 1746 Cuius
960 1709 1109 1764 Apellaea
1121 1722 1230 1748 certat
1242 1711 1280 1747 in
1293 1722 1364 1749 arte
1375 1725 1512 1760 manus,

768 1768 863 1803 Tam
878 1765 964 1804 mihi
982 1779 1100 1821 gratus
1114 1766 1207 1813 ades,
1221 1766 1324 1821 quam
1342 1767 1393 1807 vel
1407 1768 1492 1808 mihi
1505 1784 1625 1826 gratus
1638 1772 1776 1825 abibas)

827 1825 865 1859 O
879 1822 968 1862 bene
982 1838 1047 1878 pro
1063 1825 1195 1862 meritis
1211 1821 1374 1864 officiose
1389 1826 1499 1866 meis?

769 1879 849 1917 Plus
867 1881 974 1919 etiarn
987 1893 1076 1919 voto
1092 1877 1208 1919 effecit
1224 1879 1439 1922 tuadextera
1454 1884 1592 1938 nostro,

830 1939 992 1976 Dextera
1002 1935 1200 1992 sculpendis
1218 1937 1404 1993 ingenio&
1418 1943 1524 1981 notis.

775 1992 896 2047 Qod
910 1992 1120 2033 desiderium
1133 1997 1241 2042 vxori,
1256 1996 1583 2054 natiscjue‚mihi<jue

831 2049 1039 2098 Addideras,
1052 2052 1170 2107 longis
1184 2067 1245 2107 per
1256 2051 1345 2092 freta
1360 2060 1477 2094 νεᾶιιε
1491 2060 1604 2111 aquis,

777 2106 868 2145 lllud
879 2107 975 2147 idem
985 2109 1002 2146 a
1012 2109 1128 2147 reditu
1141 2110 1275 2165 viuusss
1285 2110 1446 2166 videns‹j·,
1456 2113 1606 2165 reducis,

827 2166 978 2220 Nosque
988 2165 1087 2204 iubes
1099 2172 1185 2205 curis
1198 2168 1382 2222 inuigilare
1402 2172 1521 2211 nouis.

774 2223 853 2260 Vna
865 2222 929 2260 tibi
942 2221 991 2261 est
1005 2225 1093 2261 tanti
1104 2221 1258 2263 solamen
1273 2238 1354 2263 nata
1369 2227 1491 2281 pericli

834 2278 930 2326 Filia,
944 2281 1000 2318 cui
1012 2295 1146 2319 nomen
1156 2295 1256 2335 rapta
1269 2282 1397 2321 Sabina
1407 2282 1519 2324 dedit.

776 2335 838 2373 Illa
851 2334 964 2374 statim
975 2334 1085 2376 discet
1095 2352 1170 2375 non
1180 2336 1288 2383 visum
1300 2338 1446 2380 noscere
1458 2356 1606 2396 patrem,

835 2395 959 2447 Teque
970 2393 1057 2432 adeo
1066 2391 1134 2432 rifii
1145 2395 1387 2435 commodiore
1398 2394 1507 2452 sequi.

780 2453 839 2487 Tu
852 2450 964 2488 modo
974 2466 1080 2505 quem
1093 2453 1200 2490 tantis
1213 2454 1281 2490 iam
1296 2450 1493 2495 subduxiffe
1503 2458 1641 2512 periclis

829 2508 955 2545 Diuini
968 2508 1083 2546 voluit
1096 2510 1265 2548 Numinis
1277 2509 1472 2559 arbitrium,

772 2564 865 2602 vine
876 2563 936 2601 diu
948 2563 1043 2612 felix,
1062 2565 1249 2620 Pylioscjue
1259 2565 1396 2606 abiture
1408 2566 1467 2614 sub
1478 2585 1592 2611 annos

829 2623 977 2659 Nomen
991 2621 1034 2659 ab
1049 2635 1179 2661 aeterna
1195 2622 1401 2677 posteritate
1413 2626 1522 2667 trahe:

771 2679 816 2715 Et
829 2691 957 2716 veteres
969 2678 1118 2726 tabulas,
1133 2679 1305 2718 clarorum
1325 2684 1471 2721 nomina
1486 2689 1641 2740 Regum,

828 2734 1033 2788 sumptibus
1048 2737 1083 2773 in
1096 2736 1211 2775 lucem
1223 2739 1385 2791 protinus
1398 2737 1463 2778 ede
1473 2743 1572 2780 meis:

772 2791 821 2828 Vt
836 2790 931 2828 bona
943 2790 1128 2845 posteritas
1139 2795 1291 2848 antiquat
1303 2796 1461 2834 Numina
1473 2802 1607 2848 Romae,

828 2849 1014 2902 Suinptacj3
1026 2864 1103 2887 cum
1114 2852 1213 2901 varijs
1226 2850 1388 2908 gentibus
1402 2867 1496 2892 arma
1510 2855 1618 2912 legat,

770 2906 815 2950 Et
828 2907 982 2942 Romam
997 2908 1033 2944 in
1050 2906 1204 2946 Flandris
1215 2905 1318 2946 discat
1329 2909 1484 2949 mirarier
1497 2926 1583 2966 oris,

828 2962 1065 3017 Ingenuoquc:
1074 2964 1152 3003 illos
1162 2963 1280 3005 laudet
1292 2964 1335 3003 ab
1350 2967 1509 3021 ingenio.

1709 3029 1793 3066 Haee
